4772 5832
838 617 1255 696 ι-,3’““

318 813 504 887 unacum
532 805 727 904 signorum
760 805 1197 918 pathognomonicorum
1232 785 1327 879 crrt'a
1356 807 1632 882 constitutions
1655 808 1768 881 valde
1789 807 1850 880 acl·

319 953 390 1024 huc
407 943 881 1046 des,idetentur;·mutuam
903 943 1004 1018 enim
1032 943 1220 1040 actionem
1244 943 1455 1034 systematis
1474 946 1669 1016 vasculosi
1693 961 1729 1016 et
1753 969 1849 1014 ner¹

317 1082 408 1172 vosi¹
427 1099 570 1154 tantam
597 1101 697 1164 esse,
723 1095 767 1148 ut
792 1079 921 1151 mirari
946 1077 1045 1152 haud
1070 1077 1291 1166 debeamus,
1315 1103 1401 1152 cum
1426 1077 1583 1151 morbos
1612 1101 1845 1177 organorum

307 1217 483 1290 duorum
505 1217 744 1291 diversorum
769 1215 867 1288 inter
885 1239 925 1288 se
952 1215 1201 1304 commisceri,
1225 1231 1291 1286 aut
1307 1233 1479 1288 centrum
1495 1213 1842 1308 systematisuaius

311 1352 503 1426 interdum
528 1375 599 1449 pro
623 1351 711 1428 seda
736 1345 862 1423 morbi
888 1351 1099 1444 systematis
1126 1351 1279 1426 alterius
1306 1349 1435 1425 haberi
1460 1351 1647 1426 ridemus.
1697 1353 1745 1420 In
1771 1373 1844 1448 qua

252 1541 259 1565 r
304 1485 466 1583 quidem
492 1488 677 1562 sententia
699 1509 788 1560 cum
814 1491 974 1560 annro
1003 1487 1196 1560 consentit
1220 1461 1487 1594 iiowsunuus
1516 1491 1573 1580 ⁸),
1606 1482 1692 1582 qui,
1730 1507 1843 1580 expe·

228 1695 234 1711 ,
302 1621 537 1696 nicodeme
562 1624 689 1720 ampla
713 1621 869 1706 ductus,
922 1619 1124 1723 diagnosin
1148 1635 1284 1692 certam
1306 1615 1548 1699 affectionum
1573 1618 1842 1708 morbosarum

309 1754 455 1838 cordia,
505 1772 660 1854 aegroto
682 1755 800 1842 vivo,
822 1843 832 1855 ι
851 1777 998 1852 semper
1031 1755 1214 1828 maximis·
1232 1752 1355 1850 premi
1381 1749 1664 1826 difficultatibus
1690 1752 1840 1848 reperit,

191 1973 194 1982 ,
308 1906 422 1990 atque
443 1889 564 1964 libere
586 1886 713 1966 fassus
739 1907 814 1976 est,
861 1909 902 1964 se
928 1889 1124 1988 permultis
1150 1887 1373 1966 cadaserum
1400 1885 1633 1988 sectionibus
1649 1884 1841 1976 'edoctum

310 2047 409 2110 esse,
435 2024 594 2098 morbos
621 2025 745 2120 cordis
768 2025 867 2122 apud
892 2051 976 2112 eos,
1008 2025 1049 2100 in
1076 2023 1215 2122 quibus
1243 2021 1350 2107 vivis
1372 2021 1509 2096 medici
1535 2047 1651 2122 quam
1672 2019 1838 2094 maxime

310 2156 486 2230 celebrati
511 2181 579 2232 eos
603 2183 654 2230 ne
680 2159 856 2238 hariolati
878 2160 1034 2256 quidem
1058 2158 1219 2248 fuerint,
1245 2156 1397 2256 reperiri
1410 2185 1422 2242 ;
1449 2177 1650 2236 contrusa
1670 2157 1712 2230 in
1738 2155 1836 2228 mul·

294 2293 357 2364 tis
379 2294 542 2392 aegrotis
568 2317 637 2368 cor
663 2309 882 2390 suspectum
908 2291 1048 2384 fnisse,
1086 2295 1202 2396 ‘euius
1234 2295 1490 2404 integritatem
1523 2293 1702 2390 dissectio
1729 2291 1837 2365 lucu-

294 2425 426 2500 lenter
444 2425 673 2526 probaverit.
1187 2439 1192 2458 ¹

403 2613 526 2709 Opera
551 2601 735 2709 praeclara
750 2616 890 2690 nostris
905 2613 1140 2715 temporibus
1170 2613 1216 2690 de
1242 2615 1365 2692 cordis
1384 2617 1526 2692 morbis
1547 2603 1669 2701 edite,
1714 2609 1834 2711 equi·

293 2743 376 2821 ‘bus
414 2751 690 2834 Coavrsanrr,
735 2752 897 2822 Annam
932 2759 1104 2824 Bonnsn
1146 2769 1184 2824 et
1217 2759 1379 2826 Tuscae
1407 2733 1625 2830 nominasse
1653 2747 1835 2838 suffiunt,

289 2877 479 2988 quamvis
502 2871 760 2980 cognitionem
777 2853 921 2959 'horum
948 2885 1186 2974 morborum,
1216 2887 1474 2981 frequentius,
1498 2912 1614 2976 quem
1641 2903 1750 2952 antea
1774 2880 1834 2954 vi·

303 3037 389 3086 sum
414 3031 489 3095 est,
532 3021 831 3098 acconensium,
873 3003 1066 3107 sitierint,
1106 3039 1312 3116 eorumque
1327 2989 1591 3114 ¹pathologiam
1612 3013 1691 3086 fere
1712 3015 1832 3086 totam

236 3179 241 3187 ¹
301 3143 606 3239 immutaverint3
639 3158 764 3218 tamen
781 3147 948 3220 multum
969 3145 1093 3221 adhuc
1112 3147 1245 3236 abest,
1272 3151 1364 3246 quin
1382 3173 1516 3224 eorum
1527 3145 1753 3248 ‘disquisitio
1769 3167 1852 3244 pe,

275 3295 284 3308 ·
300 3280 404 3352 nitus
421 3276 471 3348 sit
491 3275 675 3352 absoluta.
727 3279 913 3369 Nebulae,
951 3279 1092 3380 quibus
1111 3283 1284 3356 involuti
1304 3282 1426 3357 adhuc
1440 3283 1698 3360 latentmorbi
1716 3281 1830 3355 buius

223 3437 231 3454 ‘
301 3411 434 3512 organi
462 3411 696 3512 gravissimi,
735 3441 902 3516 quasque
927 3417 991 3490 vel
1012 3423 1244 3492 Knnrssrsu
1267 3443 1366 3516 opus
1395 3420 1592 3492 classicum
1618 3417 1829 3513 dispergere

301 3571 435 3621 omnes
454 3533 553 3618 hausi
573 3550 720 3648 potuit,
756 3576 863 3650 spem
885 3553 980 3626 mihi
1003 3571 1211 3652 suggerunt
1229 3555 1489 3650 laetissimam,
1523 3551 1624 3639 fore,
1649 3569 1694 3624 ut
1714 3549 1829 3638 etiam

298 3683 426 3784 levior
452 3686 595 3779 opella,
618 3711 690 3786 qua
708 3685 755 3758 ad
775 3685 1044 3762 illustrandum
1067 3689 1141 3762 hoc
1163 3689 1288 3786 ipsum
1306 3709 1572 3792 argumentum
1596 3685 1740 3786 aliquid
1756 3709 1827 3784 pro

297 3815 438 3890 virium
461 3843 630 3894 mearum
645 3803 792 3895 ratione
814 3819 986 3895 conferre
1002 3821 1142 3910 studui,
1164 3849 1184 3896 a
1202 3825 1392 3904 iudicibus
1409 3821 1534 3928 aequis
1551 3821 1826 3917 benevolisqne

298 3951 400 4024 haud
426 3945 587 4030 omnino
612 3971 733 4054 spreta
758 3953 957 4052 rejiciatur.

559 4175 571 4192 ί

305 4207 577 4232 m

328 4339 359 4410 a)
380 4339 509 4394 Praetieri
536 4339 726 4402 micantium*
738 4345 767 4398 in
792 4361 903 4416 ιιιμη
923 4343 978 4396 and
992 4345 1102 4400 morbid
1125 4361 1264 4420 mtomy.
1311 4347 1469 4427 manased
1485 4351 1521 4422 by
1541 4355 1717 4414 sumimur
1736 4353 1823 4424 dippe-

367 4445 452 4503 eticm
471 4445 524 4498 aad
546 4449 709 4518 samutinga.
732 4447 848 4504 Lendon
869 4447 944 4502 2816.
963 4451 991 4502 S.
1015 4449 1073 4503 aba.

1405 4559 1487 4634 Aa
