4710 5844
848 615 903 642 ιιι
1002 597 1213 670 “aar

259 817 280 864 s
305 785 502 862 tricesimo
524 783 615 858 inde
641 779 770 856 aetatis
798 803 899 852 anno
917 779 1023 851 'tussi
1049 778 1246 866 chronica,
1281 777 1380 854 vires
1400 779 1452 852 ita
1473 769 1715 874 exhauriente
1741 787 1803 860 lat-²

258 923 436 1008 bombat,
477 938 521 992 ut
540 917 750 1016 phthisicus
777 915 1100 1011 pronuntiaretur.
1151 913 1264 988 Tussi
1292 915 1367 988 hoc
1393 915 1591 1012 proprium
1612 937 1707 1006 etat,
1748 925 1800 992 ut'

204 1119 208 1124 .
260 1025 381 1154 ipsam
406 1015 698 1152 perincertum
722 1053 837 1123 horae
857 1050 1033 1122 dimidiae
1048 1049 1268 1124 redeuntem
1284 1051 1526 1126 vehementes
1544 1067 1671 1124 ructata
1694 1041 1799 1128 sem-¹

158 1225 163 1230 ·
257 1219 335 1294 per·
349 1187 622 1288 praecederent.
700 1185 832 1260 Tussis
865 1184 1022 1258 finiebat
1047 1185 1251 1258 reiectione
1276 1185 1435 1284 liquoris
1466 1186 1578 1282 aquei
1604 1191 1801 1283 spumosi,-

259 1330 321 1402 cui
343 1325 542 1422 'interdum
575 1323 774 1420 paululum
808 1320 1001 1420 sauguinis
1036 1338 1115 1396 crat
1150 1320 1371 1394 admixtum.
1448 1321 1613 1394 Pectoris
1639 1323 1791 1399 dolores

259 1463 333 1534 rari
358 1459 513 1546 aderant
537 1459 642 1555 iique
663 1455 885 1534 variabiles:
906 1479 1039 1553 acque
1055 1481 1140 1530 raro
1166 1454 1363 1555 palpitatio
1389 1429 1516 1528 cordis
1545 1455 1785 1534 sentiebatur.

194 1631 204 1640 ’
257 1595 358 1670 Hinc
384 1596 476 1668 meli
498 1593 604 1668 sedes
626 1593 746 1692 magis
767 1593 809 1664 in
829 1593 963 1690 hepate
987 1607 1098 1689 atque
1113 1608 1320 1688 pancrcate,
1344 1615 1456 1688 quam
1482 1591 1522 1662 in
1540 1593 1653 1666 corde
1676 1621 1797 1692 qnae·

258 1729 421 1806 rebatur.
474 1731 593 1806 Anno
617 1727 761 1800 circiter
789 1727 919 1800 aetatis
955 1725 1238 1824 quadrageimo
1264 1725 1598 1799 haemorrhoidum
1621 1731 1789 1824 molimi-

177 1886 183 1894 ·
258 1889 308 1942 na
334 1843 612 1948 excitabantur,
638 1855 746 1934 breui
768 1879 858 1958 post
872 1859 1094 1945 braidarum,
1127 1881 1199 1932 nec
1215 1881 1281 1956 per
1300 1849 1483 1956 reliquam
1502 1853 1620 1935 vitant
1636 1868 1794 1962 penitus·

261 1997 497 2076 cessantium.
557 2003 638 2072 Hae
660 2023 751 2074 usus
782 1995 1000 2076 valemdine
1023 1997 1166 2068 multos
1198 2007 1427 2093 transegerat
1459 1981 1603 2086 annos,
1647 2001 1786 2078 morbo

261 2130 379 2236 ipsius
401 2153 504 2204 nunc
520 2132 684 2221 leviore,
710 2159 816 2208 nunc
829 2132 1129 2208 vehementiore.
1181 2129 1423 2228 Sexagesiruo
1437 2149 1564 2208 autem
1581 2136 1709 2210 aetam
1724 2163 1789 2214 an·
1862 2225 1866 2228 ,

262 2288 316 2338 no
331 2261 490 2338 adfectio
505 2267 668 2363 pectoris
686 2265 912 2367 augebatur,
939 2286 1050 2365 sputo
1069 2267 1158 2364 plus
1186 2264 1380 2364 sanguinis
1403 2267 1644 2356 continente,
1671 2289 1708 2344 et
1727 2296 1790 2346 eo·

258 2371 443 2496 piosiore,
469 2403 717 2500 palpitatione
739 2403 867 2478 cordis
885 2419 924 2474 et
943 2397 1117 2500 ¹grauittre
1134 2417 1171 2472 et
1191 2395 1392 2472 crebriore.
1443 2405 1489 2472 In
1506 2400 1676 2476 intestini
1696 2407 1788 2482 recti

158 2573 177 2580 -
262 2499 579 2612 uitu'noduliin
595 2555 841 2637 conspertum
855 2535 1079 2636 prodibant,
1120 2533 1229 2606 fluxu
1256 2533 1575 2636 haemorrltoidali
1593 2563 1639 2611 ex
1660 2539 1788 2638 aliquo

261 2675 432 2765 tempore
456 2651 569 2742 valde
588 2673 807 2746 imminuto.
881 2671 958 2747 Sub
989 2669 1172 2740 ultimum
1198 2662 1297 2742 vitae
1319 2685 1469 2764 tempus
1496 2685 1669 2767 aegrotus
1691 2701 1790 2772 pun·

262 2819 374 2900 gente
386 2805 546 2900 pectoris
559 2809 701 2880 sinistri
719 2807 852 2880 dolore
868 2801 1159 2890 excruciabatur,
1185 2800 1292 2882 brevi
1311 2801 1438 2878 denuo
1461 2821 1640 2880 cessante.
1692 2815 1790 2890 Tan.

262 2935 349 3010 dem
374 2939 604 3012 moriebatur
628 2935 891 3016 suffocatione·
952 3019 956 3028 ,

362 3076 408 3151 In
431 3071 613 3146 cadavere
646 3077 782 3170 pulmo
818 3075 966 3162 dexter,
1006 3077 1039 3148 si
1067 3099 1183 3172 quatu
1214 3077 1406 3150 laxitatem
1429 3079 1633 3173 exceperis,
1662 3105 1788 3177 sanus,

242 3205 413 3304 ,antistet
433 3207 563 3291 laxus,
591 3209 729 3280 leviter
754 3233 845 3282 cum
867 3211 997 3306 pleura
1019 3227 1227 3294 concretus,
1250 3229 1287 3278 et
1311 3211 1353 3278 in
1380 3211 1564 3304 superiori
1586 3216 1689 3312 apice
1715 3247 1792 3298 ma.

223 3385 233 3398 .
264 3307 347 3412 cula
373 3359 536 3424 rosacea,
562 3338 831 3417 vunentanus
857 3341 1117 3442 magnitudine
1144 3340 1451 3438 conspiciebatur.
1504 3351 1630 3442 Hepar
1664 3370 1790 3432 totum

264 3451 504 3560 induratum,
543 3471 718 3570 inprimis
734 3495 859 3550 autem
875 3499 1010 3576 margo
1028 3472 1416 3548 anteriordextrilobi
1434 3478 1509 3551 ltoc
1530 3481 1627 3554 vitio
1645 3455 1797 3564 labora-⁸
1861 3581 1865 3589 Δ

266 3607 351 3704 bst;
393 3605 557 3682 vesicula
580 3606 690 3682 fellea
717 3610 919 3683 admodum
940 3635 1074 3707 parva,
1119 3609 1271 3707 penitus
1287 3633 1426 3697 vacua,
1459 3611 1614 3711 eiusque
1643 3621 1791 3698 tamicae

161 3815 165 3822 ,
268 3741 514 3816 crassissimae
521 3769 533 3828 ι
583 3769 763 3842 pancreas
792 3745 1042 3832 scirrhosuma
1093 3767 1212 3822 reatae
1235 3741 1578 3823 haemorrhoidales
1608 3761 1791 3854 sanguine

268 3878 448 3976 turgidae.
777 3883 780 3890 ¹
1700 3861 1705 3874 ι

369 4018 444 4086 Νο.
465 4024 548 4102 846.
579 4021 655 4089 Cor
671 4017 873 4090 admodum
894 4021 998 4092 mole
1013 4035 1184 4104 auctum,
1225 4015 1331 4114 qnod
1346 4015 1386 4086 in
1404 4014 1482 4089 basi
1499 4015 1568 4090 sub
1591 4023 1686 4099 atrio
1703 4053 1790 4126 qua·

255 4147 480 4222 -tuordecim
496 4151 651 4244 pollices
667 4139 894 4253 Lipsienses,
921 4158 958 4226 et
974 4176 1095 4251 prope
1109 4155 1267 4250 apicem,
1291 4152 1358 4249 qui
1375 4153 1599 4228 rotundatos
1617 4159 1705 4248 exit,
1730 4161 1804 4235 de··

271 4307 351 4356 cem
367 4277 525 4380 pollices
542 4287 710 4381 amplum
725 4309 791 4363 est.
844 4289 985 4363 Eadem
1011 4289 1155 4361 ratione
1176 4285 1275 4360 aucti
1297 4303 1386 4360 sunt
1400 4287 1568 4382 parietes,
1583 4292 1791 4372 trabeculae

272 4441 442 4506 carneae,
481 4421 719 4517 musculique
734 4425 940 4519 papillares.
994 4421 1222 4510 ventriculi,
1260 4421 1432 4518 inprimis
1450 4423 1598 4510 dexter,
1628 4431 1796 4524 ampliati

272 4571 374 4628 suut.
394 4602 399 4612 ·
428 4515 572 4650 Dixter
587 4557 818 4631 ventriculus
835 4559 1006 4634 continet
1020 4561 1199 4658 polypum
1215 4557 1385 4654 planum,
1404 4570 1457 4630 *et
1470 4555 1738 4662 firmum,.¹qui
1755 4567 1810 4643 in'

1332 4696 1360 4764 F
1390 4717 1410 4766 s
1486 4685 1496 4698 ’
