4772 5832
1117 579 1222 620 ‘··.
1323 572 1525 642 4⁰¹*

580 748 733 833 tardum
755 743 863 822 eiest
875 796 888 836 ,
914 743 982 844 qui
1001 743 1048 822 ab
1064 745 1142 824 icto
1164 748 1349 844 electrieo,
1373 765 1518 846 partes,
1542 769 1636 846 quas
1651 743 1805 854 transit,
1830 739 2121 842 smpeiacicute‚

580 883 815 990 producitur.
866 881 1057 992 Dolorum
1071 885 1308 960 vehementia
1320 885 1499 984 impedit,
1543 881 1749 982 quominus
1773 905 1884 981 saepo
1899 881 2045 982 aegroti
2068 903 2121 957 ne
2172 965 2175 970 A

583 1019 748 1100 verbum
766 1017 922 1118 quidem
941 1017 1111 1118 proferre
1135 1038 1290 1121 queant.
1314 1039 1353 1094 et
1384 1045 1434 1099 ne
1461 1020 1590 1098 subito
1609 1019 1719 1113 lapsu
1752 1038 1950 1108 corruant,
1999 1018 2122 1094 coacti

586 1171 679 1252 sunt
716 1151 765 1228 ab
805 1153 914 1228 omni
949 1157 1122 1254 corporis
1154 1174 1266 1234 motu
1290 1155 1418 1230 statim
1443 1154 1631 1230 abstinere
1656 1155 1771 1252 atque
1797 1155 2005 1251 quamlibet
2027 1178 2122 1242 rem,

587 1311 685 1390 qum
701 1285 822 1386 prima
837 1288 885 1362 ad
908 1313 1043 1364 maram
1058 1309 1144 1396 estq
1171 1290 1285 1366 fulcri
1308 1314 1434 1366 caussa
1459 1275 1746 1387 apprehendere.
1801 1289 2057 1386 Quamobrem
2079 1289 2122 1366 in

586 1447 719 1530 gressu
746 1419 873 1496 subito
889 1421 1042 1504 immoti
1057 1428 1265 1502 consistere
1287 1425 1444 1526 aliaque,
1465 1425 1606 1523 quibus
1622 1441 1873 1522 occupantur,
1891 1424 2046 1523 negotia
2064 1423 2122 1496 in·

587 1558 796 1634 termittere
830 1556 980 1632 debent.
1056 1560 1202 1636 Morbo
1223 1561 1434 1634 inveterato
1461 1558 1603 1656 aegroti
1630 1559 1797 1632 multum
1824 1559 2033 1642 levantur,‘
2056 1573 2123 1646 aut

587 1663 750 1768 b'rachiis
767 1715 878 1792 supra
901 1713 1014 1792 caput
1033 1695 1208 1788 sublatis,
1229 1711 1296 1772 aut
1310 1716 1399 1768 cum
1417 1690 1599 1782 sedantes
1611 1693 1814 1766 humerum
1836 1691 1985 1766 fortiter
2011 1693 2140 1768 sellae

591 1807 821 1924 rumimunt,
845 1843 922 1913 aut,
940 1845 1128 1924 quantum
1137 1845 1330 1927 poterunt,
1353 1843 1568 1902 antrorsum
1582 1826 1770 1916 inclinant
1788 1851 1938 1926 corpus.
1989 1833 2128 1900 Lern

590 1973 724 2036 aomos
743 1957 813 2034 sub
827 1957 1015 2058 profunda
1031 1957 1277 2058 respiratione
1306 1961 1517 2036 tersionem
1538 1965 1792 2060 serpentinam
1814 1965 1934 2038 totius
1957 1959 2124 2060 corporis

589 2111 772 2194 tanquam
788 2111 1000 2194 symptoma
1017 2094 1206 2172 eiusmodi
1221 2097 1383 2196 aegrotis
1409 2097 1597 2194 peculiare
1620 2097 1849 2178 observavit.
1870 2137 1875 2150 ’
1901 2072 1924 2178 ’.

602 2242 606 2253 ·
694 2235 799 2330 Quae
815 2231 971 2330 quidem
987 2227 1178 2306 molestiae
1204 2212 1379 2330 quamvis
1402 2257 1534 2332 graves
1556 2232 1656 2320 sint,
1695 2247 1736 2306 et
1761 2232 1942 2330 quamvis,
1957 2255 2045 2306 cunr
2070 2257 2127 2310 re·

595 2359 802 2460 spiratione
820 2363 975 2466 dolores
1001 2367 1080 2441 sint
1105 2367 1323 2456 coniuncti,
1361 2369 1505 2468 aegroti
1520 2384 1649 2440 tamen
1672 2363 1739 2438 diu
1763 2383 1801 2440 et
1824 2367 2014 2474 profunde
2043 2369 2128 2446 sine

594 2494 776 2572 dolorum
790 2499 1224 2602 incrementorespirare
1246 2520 1421 2600 possunt
1471 2509 1604 2600 Neque
1619 2501 1734 2575 tussis
1749 2499 1910 2580 omnino
1920 2525 1985 2576 eos
2001 2521 2126 2578 vexat.

595 2632 756 2722 Omnia,
780 2659 875 2736 quae
892 2638 1023 2726 attuli,
1047 2655 1301 2737 symptomata
1316 2655 1381 2712 aut
1396 2637 1462 2712 diu
1477 2653 1641 2710 mortem
1656 2638 1897 2734 praecedunt,
1919 2657 2032 2736 atque
2048 2638 2127 2714 bre·

596 2763 790 2858 rioribus,
822 2771 1114 2872 longioribusve
1135 2749 1343 2850 intervallis
1369 2789 1567 2878 aegrotum
1588 2773 1740 2872 penitus
1768 2773 2017 2880 relinquunt,
2060 2765 2126 2848 aut

595 2896 705 2978 brevi
725 2916 991 2984 artemonem
1021 2935 1098 2984 sese
1117 2907 1373 2986 manifestant.
1970 2987 1974 2992 .

695 3036 755 3112 Ad
770 3063 931 3132 caussas,
963 3069 1057 3142 quae
1071 3043 1281 3120 insultibus
1297 3041 1425 3118 morbi
1442 3042 1681 3154 occasionem
1703 3011 1905 3140 praebent,
1942 3041 2129 3128 referendi

597 3185 689 3244 sunt
704 3175 945 3250 vehementes
958 3194 996 3249 et
1009 3176 1128 3250 animi
1144 3195 1293 3266 motus,
1336 3193 1374 3250 et
1389 3176 1558 3272 corporis
1576 3179 1877 3280 exercitationes,
1911 3178 1981 3251 itio
2004 3180 2129 3254 adver·

570 3319 662 3404 'sus
682 3325 856 3399 ventum,
879 3281 1073 3388 montium
1088 3315 1348 3412 scalammque
1362 3312 1584 3402 adscensus,
1612 3315 1833 3392 declamatio
1849 3331 1888 3388 et
1909 3312 2128 3392 vociferatio

471 3511 476 3516 .
600 3441 668 3516 aliu
692 3445 913 3522 continuata
944 3465 1012 3522 etc.
1088 3450 1307 3524 Nonnullae
1334 3467 1462 3523 autem
1488 3449 1656 3546 eorporis
1680 3448 1985 3534 exercitationes,
2033 3473 2072 3520 v.
2093 3473 2124 3522 c.
2199 3535 2204 3546 κ

600 3578 875 3676 equitationem
899 3597 936 3656 et
961 3581 1175 3658 vectionem
1202 3583 1246 3686 in
1268 3552 1380 3658 curru
1401 3605 1467 3678 per
1488 3583 1571 3656 loca
1592 3583 1701 3658 valde
1724 3605 1871 3678 aspera,
1920 3583 1980 3656 illi
2004 3583 2126 3660 cordis

596 3709 696 3784 'vitio
711 3712 904 3812 gignendo
919 3715 1076 3792 idoneas
1100 3717 1202 3792 haud
1223 3716 1395 3815 reperiri,
1431 3719 1636 3792 attentione
1653 3717 1810 3816 dignum
1829 3733 1897 3790 est.

699 3847 818 3922 Primi
834 3849 961 3925 morbi
981 3853 1147 3927 insultus
1164 3851 1270 3924 brevi
1285 3869 1452 3938 cessant,
1486 3853 1614 3950 quiete
1635 3851 1783 3948 corpori
1800 3873 1998 3936 concessa3
2022 3853 2129 3928 inve·

599 3979 709 4054 terati
729 3999 856 4060 autem
878 3986 1005 4062 morbi
1022 3990 1209 4088 impetus,
1246 4011 1479 4086 quamquam
1495 3987 1576 4060 sine
1592 3983 1790 4060 manifesta
1815 4007 1944 4057 caussa
1959 3986 2130 4077 redeunt,

599 4141 730 4198 tamen
753 4123 1023 4199 conversiones
1047 4121 1241 4224 temperiei
1261 4121 1358 4196 airis
1374 4121 1673 4218 atmosphaerici‚
1699 4135 1744 4192 ut
1768 4117 1927 4190 inimius
1947 4121 2048 4192 calor
2062 4121 2129 4196 fri·

602 4283 771 4360 gusque,
807 4259 938 4334 noctis
965 4261 1130 4338 accessio
1150 4275 1263 4356 atque
1282 4253 1543 4330 consectionis
1558 4270 1704 4350 tempus
1724 4251 1866 4348 aliquid
1882 4251 1928 4324 ad
1945 4279 2129 4332 renovan-
2203 4319 2208 4332 ,

601 4394 670 4470 dos
686 4393 814 4470 morbi
840 4395 1005 4494 impetus
1029 4395 1150 4470 iacere
1174 4393 1390 4468 videntur·
1416 4389 1552 4463 Primis
1572 4413 1721 4487 quoque
1747 4387 1821 4462 diei
1843 4385 1944 4458 horis
1967 4391 2127 4464 morbus

602 4527 773 4606 accedere
791 4532 910 4624 solet,
933 4549 1047 4634 atque
1062 4545 1161 4630 tuno·
1178 4525 1260 4602 eiua
1280 4525 1446 4624 impetus
1462 4523 1609 4630 saepius
1625 4549 1695 4624 per
1718 4523 1819 4600 diem
1834 4519 1994 4596 redeunt
2013 4539 2051 4594 et
2063 4547 2129 4622 pe·
