4772 5832
874 611 938 646 --
1031 594 1089 686 aa,
1182 607 1237 652 ε.-

286 784 558 855 Gtrrtxannn
580 767 657 863 ¹⁴⁴).
685 769 821 882 Ecum
842 769 922 859 ²⁴⁵),
944 773 1231 846 Wcrrasrorar
1244 765 1309 858 ²⁴⁸)
1326 765 1662 868 etFouamor¹⁴⁷)
1681 767 1821 846 docue-

285 932 389 990 runt.
441 916 582 988 Mucus
607 903 718 978 enim.
731 901 881 978 viarum
907 904 1182 1004 aduenarum
1206 906 1312 982 cuim
1337 905 1569 1010 abundantia
1595 906 1744 1002 saepius
1773 905 1820 978 ab

284 1047 494 1124 irritatione
521 1059 559 1116 et
574 1037 874 1116 inflammatione
900 1019 1037 1117 renum
1059 1061 1096 1116 et
1111 1044 1258 1134 vesicam
1282 1042 1484 1149 derivanda
1510 1057 1586 1129 ast,
1607 1039 1819 1138 phosphate

217 1238 222 1248 ·
284 1184 413 1270 caleis,
454 1177 645 1254 ammonia
678 1173 802 1270 utico⁵
819 1173 926 1248 acido
957 1195 1098 1276 nupta,
1136 1195 1174 1251 et
1198 1197 1309 1265 natro
1336 1177 1540 1256 carbonico
1561 1174 1681 1262 dives,
1709 1174 1837 1274 origig

284 1345 375 1394 nem
398 1317 633 1398 calculorum
658 1308 912 1384 urinariorum
936 1310 1063 1388 efficit.
1142 1313 1315 1396 Calculus
1350 1313 1547 1388 sciliceta
1581 1285 1707 1408 primo
1740 1309 1822 1384 eius‘
1877 1399 1879 1416 Ι

285 1472 375 1530 ortu
392 1451 577 1528 ,minime
617 1463 781 1520 terreum
823 1467 963 1544 eorpus
986 1473 1075 1546 prae
1117 1473 1158 1522 se
1194 1446 1289 1534 fert,
1354 1447 1421 1522 sed
1462 1445 1589 1548 potius
1627 1469 1712 1518 non
1745 1441 1824 1518 nisi

284 1583 545 1690 praecipitatio
575 1581 711 1656 salium
738 1597 806 1668 est,
834 1605 1001 1680 quorum
1026 1583 1177 1659 acidum
1203 1607 1312 1658 suam
1335 1582 1457 1680 ipsius
1492 1597 1669 1656 naturam
1698 1595 1823 1654 muta·

285 1725 364 1810 vit,
400 1737 437 1796 et
460 1743 480 1790 e
504 1715 759 1814 phosphorico
791 1716 834 1790 in
854 1715 1009 1818 suricum
1032 1719 1220 1794 transivit.
1295 1725 1465 1816 corpore
1496 1715 1641 1812 optime
1670 1707 1831 1790 valente'

282 1877 420 1960 mutus
436 1854 502 1926 iile
518 1851 742 1938 excernitur,
764 1852 977 1950 phosphate
993 1852 1103 1926 calcis
1119 1849 1330 1928 formandis
1345 1851 1500 1942 ossibus¹
1518 1851 1702 1950 impenso.
1754 1847 1821 1922 Sin

285 2009 410 2066 autem
432 1985 663 2060 contrarium
687 1981 885 2060 obvenerit
907 2003 947 2059 et
970 1987 1053 2062 sine
1082 1987 1402 2072 inflammatione,
1448 1955 1688 2058 membranas
1725 1998 1820 2054 arte·

286 2127 426 2198 riarum
451 2119 666 2204 clanculum
691 2138 921 2218 occupante,
960 2145 1097 2222 magna
1127 2124 1242 2224 copia
1267 2123 1420 2198 illarum
1450 2117 1617 2220 partium
1638 2117 1731 2216 illuc
1758 2115 1820 2190 cie·

287 2257 412 2357 posita
431 2252 567 2344 fuerit,
588 2279 763 2356 squamae
784 2227 913 2330 osseae
937 2251 1046 2330 facile
1066 2256 1231 2356 potsunt
1257 2251 1360 2354 oriri.
1437 2260 1540 2330 Haec
1569 2253 1622 2328 ct
1653 2259 1821 2330 Taenari

285 2391 467 2468 sententia
490 2393 609 2490 magis
632 2389 841 2488 prpbabiiis
867 2389 1050 2480 redditur,
1073 2417 1162 2468 cum
1186 2393 1229 2466 in
1255 2393 1427 2468 animum
1451 2377 1696 2478 revocamus,
1723 2387 1820 2464 ossi·
1893 2419 1896 2426 ·

285 2527 480 2602 ficationes
518 2527 852 2623 praetematurales
870 2528 1109 2626 ,plerumque
1149 2554 1236 2605 cum
1272 2529 1356 2602 aliis
1383 2525 1508 2602 cordis
1542 2521 1667 2612 vitiis,
1711 2539 1819 2596 aucta
1915 2529 1921 2544 “

283 2659 528 2762 pinguedinis
553 2661 594 2732 in
621 2659 703 2736 eius
729 2661 870 2736 vicinia
895 2662 1124 2762 quaptitate,
1174 2660 1460 2740 dilatauonibus
1492 2677 1531 2736 ct
1550 2660 1701 2764 polypis
1727 2683 1819 2734 con·

281 2797 431 2872 iunctas
453 2792 619 2890 reperiri.
1074 2783 1077 2799 '

280 2927 298 2996 '.
386 2927 550 3004 illustris
576 2931 841 3006 Knnr'ssrcrue
870 2931 936 3026 148)
963 2930 1163 3024 transitum
1197 2930 1362 3029 partium
1395 2927 1520 3006 cordis
1554 2927 1596 3004 in
1634 2921 1817 3026 cartilagi-

283 3091 393 3154 nem,
422 3079 536 3160 atque
559 3087 627 3150 os,
663 3063 998 3155 incrustationem,
1021 3085 1150 3176 'atque
1175 3067 1348 3140 lithiasin
1381 3065 1624 3141 coniunctim
1648 3081 1817 3141 contem·
1940 3108 1944 3121 ·

281 3205 419 3304 piatur,
447 3199 630 3294 quoniam
654 3199 872 3272 communis
899 3202 1076 3276 omnium
1101 3197 1257 3276 effectus
1277 3203 1320 3276 in
1346 3201 1595 3288 induratione,
1623 3213 1660 3272 et
1680 3195 1817 3296 princi·

281 3337 390 3442 pium
409 3323 453 3404 in
479 3333 702 3432 depositione
720 3330 936 3434 pharpharis
960 3337 1068 3408 coicis
1100 3338 1151 3410 sit
1175 3337 1394 3434 repositum.
1470 3334 1725 3430 Formationis
1751 3333 1817 3403 ho·

281 3495 368 3548 rum
394 3482 747 3542 concrementorum
771 3469 1051 3544 calculosorum
1076 3485 1113 3544 et
1140 3469 1442 3561 oesiiicationum
1473 3489 1622 3544 mussas
1655 3465 1732 3538 iarn
1772 3463 1815 3538 in

233 3671 245 3690 ,
283 3605 469 3684 ntixtione
494 3599 690 3700 sanguinis
715 3603 879 3676 naturali
910 3605 1119 3702 quaerenda
1155 3623 1230 3694 ast,
1281 3604 1424 3704 quippe
1458 3629 1563 3724 quae
1589 3595 1814 3680 necessarias

283 3748 329 3824 gd
355 3735 565 3846 generanda
590 3735 670 3810 ista.
687 3757 846 3832 corpore
867 3740 1164 3842 pseudorgcnicu
1185 3757 1329 3840 partes,
1372 3765 1510 3840 easque
1538 3759 1623 3840 apte
1646 3741 1814 3818 invicem

282 3881 420 3958 mixtas
446 3869 629 3946 0οΠῧῆθῦ
680 3871 817 3982 ΜΟ,
858 3895 932 3970 qua
955 3875 1024 3952 hac
1049 3896 1173 3975 partes
1199 3905 1219 3954 c
1245 3879 1430 3978 sanguina
1456 3893 1723 3966 secernuntur,
1755 3875 1831 3976 vi·¹

283 4078 545 4110 μ

319 4193 381 4260 144)
398 4193 431 4243 Is.
448 4207 471 4240 c.

233 4351 242 4366 ,
318 4294 381 4363 145)
402 4289 524 4346 Mareu!
537 4291 595 4344 and
604 4292 710 4362 physic.
731 4291 823 4346 Ioum
844 4291 897 4346 No.
915 4293 1044 4368 90-94.

318 4396 380 4466 tii)
394 4397 466 4464 Syre.
484 4393 532 4448 deo
549 4396 679 4448 contraire.
701 4395 859 4466 cirintr'qrrea:
1190 4459 1194 4486 ι

315 4500 384 4572 rip)
401 4501 472 4568 Syre.
490 4499 537 4550 der
551 4497 682 4550 cornone,
703 4497 851 4569 chintiqtrer
868 4491 918 4551 Τό.
939 4483 980 4551 XJ
991 4515 1018 4566 p.
1036 4497 1088 4552 noi
1115 4517 1157 4570 pq,
1304 4503 1309 4510 ·

316 4604 379 4674 tic)
393 4601 469 4657 laiht.
484 4605 530 4656 er't.
550 4602 602 4656 Th.
618 4601 656 4655 11.
675 4597 756 4654 tara
779 4617 803 4656 t.
822 4617 878 4669 cap.
895 4601 920 4654 i.
938 4599 989 4654 538
1006 4620 1047 4674 sq.
