4772 5832
1174 604 1512 688 εὖτε·

573 812 669 886 circs
691 827 759 881 cor
772 819 810 876 et
825 823 870 876 os
885 795 1092 898 ventriculi
1106 815 1329 900 correptum
1347 825 1438 894 esse,
1461 825 1568 902 quae,
1586 803 1814 902 procedente
1830 803 2012 902 tempore,
2029 802 2115 897 ¹unu
2221 779 2226 788 .

537 1003 539 1012 ⁴
578 969 662 1018 rum
686 935 954 1039 inquietudine
972 951 1009 1024 et
1031 933 1276 1038 respiratione
1305 936 1579 1040 frequentiore,
1615 938 1882 1050 succubuerit,
1908 965 2015 1016 mens
2040 941 2116 1042 pri·

576 1071 925 1167 nrumconstabat,
949 1071 1082 1164 „paulo
1112 1089 1353 1186 postpautcm
1377 1071 1483 1146 aliter
1509 1095 1548 1146 se
1574 1071 1710 1148 habere
1733 1073 1942 1176 videbatur.
2015 1084 2115 1175 Nam

469 1206 474 1214 ’
579 1235 685 1292 nuno
709 1209 886 1299 homines
912 1203 1064 1290 durius,
1089 1228 1195 1307 nunc
1220 1209 1339 1308 magis
1361 1210 1541 1298 comiter,
1576 1235 1692 1306 quem
1715 1233 1774 1284 res
1799 1208 1988 1298 forebant,
2022 1213 2115 1286 allo·

581 1345 784 1445 quebatur,
808 1357 846 1414 et
871 1339 1071 1436 opinatus,
1099 1340 1242 1440 aliquid
1267 1343 1397 1440 ipsum
1424 1343 1550 1419 subire
1576 1346 1694 1434 velle,
1721 1345 1893 1450 adeoque
1920 1347 2056 1422 oculos
2072 1347 2115 1420 in

495 1453 504 1464 ⁶
581 1485 659 1558 hoc
678 1479 805 1578 ipsum
831 1474 998 1574 defigens
1022 1477 1137 1574 paulo
1161 1494 1252 1574 post
1276 1497 1452 1558 mortuus
1477 1499 1535 1556 est
1559 1487 1608 1568 7).
1659 1481 1827 1590 Eratolei
1850 1479 1955 1566 filio,
1982 1481 2116 1577 dysen-

579 1618 698 1692 terico
721 1615 767 1690 ab
792 1587 918 1694 initio}
945 1633 1078 1680 versus
1104 1609 1430 1710 quadragesimum
1457 1617 1558 1686 diem
1585 1617 1626 1690 in
1653 1617 1780 1690 medio
1803 1615 1976 1692 umbilici
2003 1632 2117 1712 etque

583 1753 704 1826 sterni
729 1749 878 1820 admota
911 1765 1028 1816 manu
1055 1758 1158 1818 tanta
1179 1746 1303 1822 cordis
1329 1747 1527 1846 palpitatio
1548 1745 1842 1848 percipiebatur,
1868 1771 1965 1844 quae
1990 1773 2116 1846 neque

575 1842 604 1963 :a
631 1907 764 1970 cursu,
788 1903 915 1982 nequa
941 1903 962 1952 a
987 1895 1128 1954 terrore
1153 1881 1378 1979 producitur
1401 1890 1449 1974 8).
1516 1884 1695 1981 Denique
1720 1883 1762 1956 in
1788 1881 1889 1956 libro
1916 1883 1960 1955 de
1984 1881 2114 1958 morbo

583 2045 693 2096 sucro
717 2029 750 2106 ⁹)
773 2015 923 2092 disertis
948 2014 1074 2090 verbis
1103 2015 1258 2094 dicitur:
1300 2019 1334 2092 si
1358 2019 1512 2094 materia
1532 2003 1710 2094 morbosa
1736 2017 1782 2092 ed
1809 2041 1876 2092 cor
1894 2016 2011 2095 delata
2034 2017 2117 2092 fue·

573 2157 654 2262 rit,
691 2155 810 2261 cordis
835 2151 1122 2252 palpitationem
1146 2171 1183 2224 et
1209 2155 1490 2230 anhelationem
1510 2154 1696 2242 accedere,
1744 2171 1952 2254 pectusque
1974 2153 2114 2242 vitiari,

584 2292 772 2392 quosdam
793 2289 906 2365 etiam
933 2287 1141 2396 incurvari5
1174 2269 1214 2358 id
1241 2287 1347 2384 quod
1371 2286 1534 2363 foisitan
1554 2289 1644 2362 inde
1668 2313 1781 2386 posse
1807 2287 1986 2385 explicari
2006 2305 2116 2384 putet

495 2477 498 2484 ι
571 2431 741 2512 -Tesra,
777 2425 865 2532 quis
892 2424 994 2528 aegri
1024 2426 1116 2530 tales
1139 2423 1335 2526 (intelligit
1366 2439 1493 2496 eutem
1526 2442 1785 2520 aneurysmate
1810 2421 1933 2498 cordis
1959 2441 2025 2496 aut
2049 2447 2113 2524 ve·

583 2583 717 2636 sorum
741 2560 931 2632 maiorum
952 2559 995 2634 in
1020 2557 1144 2634 cordis
1167 2559 1300 2637 vicinia
1325 2566 1542 2670 correptos)
1566 2562 1790 2676 plerumque
1812 2561 2010 2646 leventur,
2047 2581 2111 2633 au·

580 2713 753 2770 trorsum
767 2719 903 2796 corpus
926 2693 1165 2791 inflectendo.
1216 2695 1317 2772 Mihi
1341 2715 1466 2772 autem
1488 2697 1530 2770 in
1549 2699 1626 2772 hl.
1645 2697 1915 2794 aneurysmatis
1930 2717 1979 2766 ne
1998 2688 2111 2764 lovis·

582 2829 676 2904 sima
699 2831 853 2922 quidem
875 2831 1031 2923 vestigia
1052 2807 1246 2906 occurrere
1262 2834 1461 2938 uidentur:
1487 2859 1577 2908 nam
1601 2834 1658 2938 de
1669 2835 1839 2908 catarrho
1854 2845 2001 2902 tentum
2018 2825 2055 2900 h.
2073 2848 2107 2904 e.

566 2961 631 3049 ‚de
648 2953 881 3063 collectione.
891 2953 1000 3032 fluidi
1009 2962 1211 3066 cuiusdam
1233 2966 1280 3040 ad
1305 2991 1374 3042 cor
1397 2987 1613 3070 sermoest.
1667 2975 1786 3063 Quam
1812 2961 1862 3030 ob
1880 2983 1961 3032 rem
1983 2958 2028 3030 de
2042 2957 2109 3048 hy·

582 3093 702 3194 drope
717 3091 913 3191 pericardii
929 3097 1076 3196 potius,
1105 3121 1220 3197 quam
1242 3102 1288 3170 de
1314 3113 1570 3192 anemysmate
1592 3089 1715 3198 cordis
1732 3092 2041 3190 Hrrrocnlnrnnr
2067 3089 2105 3164 h.

566 3231 609 3320 ι1.
632 3227 858 3328 exposuisse
876 3233 1102 3328 putaverim,
1172 3238 1260 3338 Hoc
1284 3233 1384 3308 enim
1408 3231 1546 3306 morbo
1568 3223 1783 3341 laborantes
1800 3221 2119 3298 multumlerari.

583 3389 743 3464 corpore
771 3365 1130 3456 annemundum,
1167 3384 1204 3442 et
1219 3368 1447 3466 experientia
1471 3359 1629 3462 probet,
1656 3375 1693 3464 et
1709 3359 1916 3434 Knnrssro:
1941 3359 1963 3428 l.
1979 3332 2009 3430 c.
2032 3361 2104 3434 Th.
2204 3385 2210 3396 ·

581 3504 633 3574 11.
656 3524 694 3598 p.
718 3503 804 3590 643.
820 3500 981 3575 notavit.
1035 3509 1138 3603 Quae
1154 3505 1189 3580 si
1211 3527 1295 3580 verr
1319 3517 1429 3586 sunt,
1468 3491 1670 3570 averitate
1696 3493 1840 3568 aberret
1866 3497 2004 3568 Tetra
2029 3495 2053 3568 l.
2072 3517 2102 3568 c.

581 3658 620 3732 p.
640 3660 674 3728 9.
693 3657 782 3707 erun
798 3635 1014 3727 contendit,
1058 3639 1222 3736 primum
1241 3635 1359 3708 fuisse
1375 3637 1608 3719 Garatom,
1640 3628 1706 3728 qui
1727 3625 1841 3700 huius
1859 3627 1984 3700 morbi
2000 3651 2104 3702 men·

485 3787 488 3794 ’
580 3767 726 3844 tionem
747 3769 929 3850 iniecerit.

560 3957 566 3964 -
681 3911 848 3980 masura
869 3907 996 3981 nolim
1016 3926 1108 3976 oum
1121 3909 1257 3978 Tasru
1271 3901 1371 3976 inter
1395 3923 1462 3984 eos
1478 3901 1689 3984 collucere,
1723 3897 1791 3996 qui
1811 3895 1954 3970 morbis
1979 3895 2101 3974 oordis

557 4071 560 4078 ’
578 4039 741 4142 aliquem
763 4041 805 4116 in
828 4043 907 4116 suis
933 4041 980 4113 de
1002 4037 1188 4112 medicine
1208 4037 1315 4131 libris
1336 4033 1562 4112 concesserit
1587 4035 1734 4116 locum.
1809 4039 1917 4106 certe
1943 4029 2101 4108 morbus

610 4399 640 4468 7)
657 4399 736 4468 Reid.
758 4395 818 4448 VII.
837 4411 863 4464 9.
880 4410 916 4444 rn.
938 4390 998 4444 833.
1064 4387 1070 4398 ’

609 4501 637 4568 ⁸)
655 4501 734 4570 ΒΡῐᾶ·
752 4497 812 4548 Vll·
833 4493 859 4546 5·
880 4512 907 4562 p·
928 4513 964 4547 m.
985 4491 1046 4546 uzo
1070 4510 1104 4544 rs.

606 4603 638 4676 9)
656 4603 720 4670 cap.
738 4599 799 4654 vu.
820 4598 871 4652 To.
888 4595 925 4650 11.
944 4615 972 4668 p.
993 4614 1031 4650 m.
1048 4593 1109 4648 532.
