4772 5832
894 637 950 668 .-
1055 617 1335 704 ις’-ι.

301 803 502 886 nonnullis
520 815 670 876 tantum
694 797 817 900 iisque
837 799 1074 900 gramcdbus
1094 799 1244 898 plenius
1263 799 1475 890 adductis„
1498 797 1662 898 reliquas
1679 793 1841 872 nonnisi

302 943 422 1019 verbo
453 941 751 1014 commemorare
782 959 940 1034 queam.
999 937 1170 1012 Primum
1192 937 1295 1010 inter
1331 960 1464 1010 omnes
1494 937 1694 1029 nominare
1729 934 1842 1011 liceat

301 1085 597 1154 Moneacnrunr
620 1076 897 1160 immortalem,
940 1071 1048 1146 euius
1070 1071 1241 1146 etodium
1263 1067 1497 1146 indefessum
1522 1070 1753 1144 anatomiam
1775 1091 1842 1165 pa·

300 1212 533 1312 tholegicam
548 1211 602 1284 ita
615 1211 888 1310 locupletavit,
932 1226 977 1283 ut
998 1207 1174 1281 maximia
1195 1223 1392 1306 propterea
1416 1206 1594 1282 laudibus
1611 1195 1840 1304 dignoscit,

299 1370 395 1446 quas
414 1345 487 1442 ipsi
502 1349 723 1419 Hactenus
742 1347 790 1440 ⁷⁴)
804 1343 951 1418 tribuit.
1013 1343 1130 1418 Cuius
1155 1343 1311 1444 quidem
1335 1363 1449 1442 opere
1474 1343 1690 1442 praeclaros
1721 1337 1766 1412 de
1781 1361 1841 1410 se·

299 1480 402 1554 dibus
425 1496 461 1554 et
483 1483 598 1556 cauus
621 1479 856 1567 morborum,
901 1479 1177 1579 quinquaginta
1207 1477 1284 1554 fere
1314 1479 1602 1553 observationes
1638 1476 1685 1548 de
1709 1469 1842 1548 cordis-

299 1612 624 1720 oasificaticnibua
640 1615 909 1701 continentur,
949 1612 1121 1708 equibus
1143 1637 1227 1687 non
1251 1613 1328 1685 nisi
1358 1631 1587 1710 sequentem
1608 1607 1740 1706 delegi.
1793 1609 1841 1680 In
1902 1701 1909 1710 .

298 1746 440 1840 lentina
462 1747 764 1822 scilicetmediea
788 1747 937 1835 aeteus,
979 1746 1025 1820 de
1044 1747 1169 1820 cordis
1190 1747 1437 1842 palpitatione
1458 1745 1672 1832 interdum,
1697 1719 1841 1836 demi.

297 1883 406 1958 rendi
430 1899 556 1954 auteur
575 1879 814 1970 difficultate,
853 1907 969 1980 quarn
991 1905 1073 1954 non
1096 1879 1173 1954 nisi
1190 1881 1343 1956 cervicis
1360 1880 1558 1978 reclinatio
1570 1877 1772 1976 paululum
1788 1874 1841 1946 le-

298 2019 380 2090 nire
396 2033 563 2112 poterat,
595 2035 804 2118 perpetuo,
838 2015 1004 2116 denique
1029 2013 1075 2086 do
1099 2030 1203 2087 tante
1225 2016 1413 2088 anxietate
1433 2033 1661 2114 conquesta,
1703 2027 1747 2084 ut
1764 2029 1842 2082 sae·

299 2152 384 2250 pius
399 2173 504 2222 mors
519 2149 660 2224 instare
676 2152 886 2239 videretur,
927 2148 1080 2224 arteriae
1095 2175 1250 2250 magnae
1269 2151 1443 2226 valvules
1468 2151 1682 2234 induratae,
1714 2151 1856 2236 lunam*

204 2333 208 2340 -
301 2284 395 2358 adeo
418 2307 585 2372 osseam,
628 2285 777 2358 invenit
792 2292 853 2380 ⁷⁵).
919 2291 1143 2360 Vmuaseats
1172 2283 1219 2382 ⁷⁶)
1240 2287 1286 2358 ¹in
1312 2285 1491 2360 cadavere
1514 2277 1839 2381 hypocbondriaci

299 2417 450 2490 invenit
465 2418 611 2492 tunicas
628 2433 754 2492 aortac
771 2441 900 2494 osseas
928 2420 993 2492 vel
1002 2419 1291 2518 cartilaginem,
1332 2421 1503 2495 valvulee
1526 2425 1651 2494 autem
1674 2415 1722 2490 ed
1752 2411 1836 2486 eiua

300 2552 445 2626 exitum
472 2577 492 2624 e
514 2551 627 2626 corde
644 2554 735 2624 sitas
756 2575 905 2641 osseas,
949 2555 1039 2628 hinc
1061 2555 1317 2652 angustiorem
1339 2572 1465 2630 acrtae
1494 2553 1678 2632 aditum·
1713 2553 1838 2623 'Vena

195 2716 198 2722 ’
299 2712 390 2760 cara
417 2703 454 2758 et
469 2688 705 2760 ventriculus
728 2687 877 2774 dexter,
917 2688 1183 2776 minimevero
1207 2689 1377 2780 sinister,
1417 2692 1514 2764 mire
1540 2687 1718 2764 dilatatus
1746 2707 1838 2758 con·

300 2799 537 2920 apitiebatur.
589 2822 710 2918 Aeger
724 2819 846 2894 cordis
869 2821 1136 2918 palpitatione,
1162 2827 1277 2921 pulsu
1291 2827 1481 2924 inaequali
1498 2843 1536 2900 et
1549 2811 1865 2906 intermittente,'

299 2951 470 3028 necnon
492 2955 678 3028 asthmatc
693 2972 731 3026 et
752 2956 960 3054 vertigine,
984 2955 1160 3055 inprimis
1183 2978 1271 3057 post
1284 2964 1550 3036 vehementem
1568 2955 1737 3054 corporis
1752 2977 1836 3026 rno-

300 3107 383 3160 tum
403 3107 440 3160 et
455 3086 572 3158 animi
586 3087 798 3182 patbcmata
823 3107 984 3164 rexatus
1015 3112 1104 3168 eret
1156 3101 1346 3170 Praeterea
1377 3097 1480 3192 idem
1502 3077 1676 3170 val'vulas
1696 3085 1834 3194 orificii

300 3221 434 3296 venosi
472 3221 617 3294 siuiatri
650 3220 775 3294 cordis
802 3245 927 3298 osseae
949 3227 1108 3301 notavit
1162 3229 1294 3306 Plures
1327 3229 1516 3304 eiusmodi
1548 3225 1832 3302 observationes

300 3364 489 3432 Daroma
504 3363 554 3440 ⁷⁷)
571 3356 713 3432 retulit.
762 3363 986 3433 Lattcrswe
1003 3365 1053 3452 ⁷⁸)
1076 3361 1200 3434 cordis
1223 3387 1443 3457 aneurysma
1467 3361 1519 3435 ob
1539 3385 1655 3434 unam
1672 3383 1832 3446 osseam,

299 3510 338 3568 et
360 3493 452 3564 durs
469 3491 902 3596 valvulaesamilunares
921 3495 1180 3594 cartilaginosa
1196 3495 1444 3594 deprehendit
1464 3475 1505 3568 in
1532 3494 1716 3570 turonico
1732 3517 1831 3590 quo·

299 3627 407 3712 dam,
448 3631 504 3704 lo.
521 3631 646 3702 Baar.
664 3629 890 3718 Parcere,
932 3631 1001 3728 qui
1015 3631 1347 3728 hyporbondriaca
1365 3626 1564 3708 affectione
1581 3629 1836 3718 detinebatur,

303 3863 577 3890 m

334 3999 381 4069 74)
401 3996 721 4068 oib1.mectpmcr.1v.
740 4015 765 4064 p.
785 3995 845 4048 iai.

333 4101 380 4174 75)
402 4103 446 4156 De
466 4101 522 4154 ced.
539 4109 566 4152 et
583 4118 671 4152 caure.
693 4099 777 4152 marb.
800 4119 841 4168 ep.
857 4099 958 4172 xxm.
975 4097 1001 4153 8.

332 4203 385 4277 76)
409 4205 487 4256 Cone.
507 4203 549 4268 Ei.
570 4205 668 4256 rente
680 4222 760 4258 noue.
777 4205 810 4258 de
826 4204 856 4258 lo
876 4213 1008 4262 remerare
1026 4217 1052 4258 et
1072 4205 1119 4260 dec
1138 4223 1236 4260 encres
1261 4206 1298 4260 dc
1319 4223 1406 4262 mear.
1426 4215 1454 4261 et
1473 4209 1506 4264 dr
1526 4209 1554 4264 la
1572 4219 1670 4266 meare
1690 4209 1727 4263 da
1741 4225 1828 4264 coeat.

368 4309 506 4366 'l’cnloare
531 4304 605 4374 1715.
626 4307 652 4360 4.

332 4411 379 4481 77)
400 4411 441 4462 Ci.
461 4409 479 4462 l.
497 4428 519 4462 c.
538 4411 698 4464 Vrtusarrs.

334 4515 381 4585 pb)
401 4515 449 4584 op.
480 4529 537 4564 vor.
559 4509 592 4566 T.
612 4511 647 4564 11.
661 4529 688 4580 p.
707 4511 767 4568 aba.
