4772 5832
1171 599 1508 678 ¹382·

580 787 931 896 psthognomonica
949 787 1027 864 sint
1046 787 1266 888 palpitatio,
1303 791 1468 894 vertigo,
1516 793 1635 868 enimi
1658 792 1890 896 deliquium,
1932 815 2118 899 stupores

580 929 761 1029 paralysis
777 945 938 1016 artuum,
960 925 1118 1004 sudores
1134 927 1323 1016 immensi,
1339 927 1479 1029 frigus,
1496 931 1725 1005 anaestbesia
1744 933 1981 1024 universalis,
2000 937 2119 1034 apho-

582 1065 667 1152 nia,
705 1063 937 1140 conscientia
958 1087 1042 1138 non
1065 1063 1224 1140 sublato.
1276 1065 1366 1138 Alio
1386 1066 1542 1158 100014)
1566 1090 1722 1140 causam
1751 1069 1937 1164 anhelitus
1958 1087 1995 1143 et
2017 1072 2117 1146 aetla·

581 1199 695 1275 matis
710 1199 752 1274 in
775 1200 887 1272 corde
913 1221 993 1272 esse
1009 1197 1225 1294 repositam,
1250 1223 1376 1298 neque
1392 1219 1588 1317 aegrotum
1602 1204 1676 1276 hoc
1695 1203 1761 1276 diu
1779 1202 1876 1278 ferre
1894 1229 2009 1303 posse
2025 1227 2115 1280 con·

582 1330 716 1416 tendit.
767 1331 985 1408 Secundum
1008 1339 1205 1426 Generum
1214 1338 1501 1412 Aunnnrsrtum
1517 1338 1660 1434 ¹⁵)iam
1678 1340 1927 1423 Erasistratus
1945 1339 2114 1420 etbscle·

582 1467 712 1567 piedes
760 1491 827 1540 cor
859 1469 901 1542 in
931 1467 1070 1542 morbo
1095 1469 1268 1544 cerdieco
1306 1495 1377 1568 pro
1411 1489 1516 1568 perte
1537 1473 1715 1568 primitus
1744 1469 1871 1550 affecta
1894 1457 2115 1562 habuerant,

584 1628 748 1703 quorum
774 1603 959 1702 posterior
980 1621 1151 1674 accurate
1173 1563 1372 1699 distinguit
1387 1605 1509 1674 morbi
1530 1608 1641 1682 hamus
1655 1608 1840 1729 formam,
1876 1631 1969 1724 quse
1988 1608 2115 1682 envi-

583 1739 648 1812 tiis
672 1739 796 1812 cordis
825 1734 1065 1832 idiopethicis
1084 1706 1272 1834 originem
1301 1737 1431 1823 treltit,
1452 1734 1498 1810 ab
1522 1759 1582 1824 ea,
1612 1761 1710 1834 quae
1735 1739 1988 1811 exvetrtriculi
2008 1740 2110 1818 vitiis

584 1870 733 1956 oritur,
771 1885 917 1942 etcum
940 1869 1007 1944 ills
1031 1871 1182 1968 pulsum
1203 1870 1314 1944 valde
1340 1869 1520 1958 debilem,
1553 1873 1844 1968 palpitationem
1861 1872 1985 1948 cordis
1999 1875 2113 1952 vehe-

581 2003 880 2100 mentissimam,
920 2005 1083 2104 pectoris
1100 2003 1327 2080 anxietatem
1345 2009 1460 2104 itque
1483 1999 1745 2100 suffocationis
1759 2007 2007 2105 periculum,
2024 2033 2112 2082 cum

581 2143 652 2218 bac
697 2157 825 2216 eutem
865 2141 1022 2240 pulsum
1064 2139 1219 2240 quidem
1244 2140 1422 2230 fortem,
1450 2141 1593 2216 cordis
1632 2159 1765 2214 contra
1805 2167 1847 2216 ea
1884 2143 2111 2218 contractio·

579 2308 650 2361 nes
683 2281 825 2358 debiles
860 2273 1083 2368 conjunctas
1123 2301 1204 2352 esse
1240 2277 1389 2352 adserit.
1466 2283 1527 2350 De
1576 2301 1648 2376 qua
1689 2273 1845 2374 quidem
1879 2278 2111 2377 Asclepiadis

581 2417 768 2497 sententis
791 2435 880 2492 cum
904 2420 1081 2490 maurus
1092 2413 1292 2502 decernere
1314 2411 1417 2502 haud
1440 2437 1559 2517 ausus*
1578 2411 1715 2502 fuerit,
1777 2411 1979 2512 sedemque
1994 2437 2112 2512 ,mon

578 2551 621 2631 bi
641 2553 685 2626 in
708 2551 873 2640 obscuro
898 2549 1110 2648 reliquerit,
1158 2553 1287 2626 lucem
1312 2550 1348 2622 ei
1369 2547 1519 2622 adludit
1553 2553 1733 2660 Plutus,
1779 2549 1950 2648 a'patrit
1984 2555 2108 2628 Azet-
2191 2577 2200 2602 .

445 2729 452 2740 ·
578 2679 864 2782 nara'dictus
886 2681 948 2774 ¹⁶).
1007 2689 1064 2758 ·1s
1089 2686 1190 2764 enim
1212 2685 1510 2783 in'idiopstbice
1543 2685 1672 2764 cordis
1707 2679 1924 2777 affectique,
1954 2683 2038 2758 sive
2052 2707 2110 2770 ea,
2162 2755 2170 2766 ‚
2218 2765 2226 2772 ,

577 2845 675 2922 quae
692 2822 738 2892 ab
756 2819 1073 2904 inflammatione,
1107 2823 1188 2896 sive
1212 2824 1428 2908 evulmere,
1463 2820 1548 2894 sive
1573 2819 1734 2920 denique
1754 2846 1774 2894 a
1792 2817 2004 2896 vehementi
2022 2816 2107 2908 dys-

577 2957 693 3040 crasie
713 2951 893 3052 pendeat,
916 2949 1081 3024 subitam
1101 2957 1282 3054 consequi
1298 2976 1479 3044 mortem,
1517 2958 1559 3032 in
1574 2954 1860 3060 symptomatica
1881 2969 2008 3026 eutem
2025 2971 2107 3022 cor·

578 3093 635 3178 dis
650 3085 867 3174 affectione,
906 3085 975 3160 ubi
998 3088 1136 3163 vitium
1153 3092 1195 3160 in
1222 3091 1355 3174 corde,
1389 3092 1538 3183 hepate,
1580 3105 1619 3154 er
1636 3078 1764 3152 cardia
1771 3080 1922 3174 proprie
1942 3081 2105 3154 haereas

522 3293 527 3298 .
576 3223 725 3304 rutubi
746 3221 1106 3318 vehementemque
1132 3221 1384 3318 deprimentes
1401 3218 1519 3292 enimi
1543 3230 1674 3288 motus
1697 3233 1994 3346 praecesserunt,
2020 3240 2105 3312 syn·

575 3383 700 3460 copem
719 3359 812 3432 oriri
836 3355 995 3442 adserit,
1026 3357 1067 3434 h.
1088 3381 1121 3434 e.
1138 3355 1376 3431 subitaneam
1397 3352 1537 3426 virium
1553 3339 1864 3470 prostrationem,
1902 3352 2022 3426 cuius
2018 3349 2103 3424 dia·

574 3496 705 3598 gnosis
724 3491 845 3590 repeti
865 3489 998 3564 debeat
1023 3513 1044 3564 a
1071 3489 1391 3574 resolutionibus,
1431 3484 1550 3560 enimi
1575 3460 1766 3584 deliquiis,
1810 3482 1949 3580 exiguo
1973 3484 2101 3581 pulsu,

575 3651 686 3732 atque
706 3627 872 3729 partium
888 3644 1144 3700 extremarum
1159 3623 1303 3724 frigore
1327 3640 1364 3694 et
1378 3621 1526 3721 ingenti
1542 3621 1689 3698 sudoris
1711 3615 1944 3716 profusione
1998 3621 2101 3714 Quae

573 3773 833 3846 messanen
858 3767 1124 3836 anncranus
1151 3756 1197 3828 de
1213 3781 1377 3856 syncope
1393 3757 1523 3848 habet,
1550 3783 1591 3832 ea
1610 3757 1656 3830 ad
1679 3755 1800 3828 cordis
1826 3751 1976 3825 morbos
1998 3747 2100 3822 baud

570 3905 781 4004 pertinent3
819 3897 961 3972 etenim
982 3896 1104 3972 tanes
1133 3891 1318 3993 syncopes
1342 3891 1490 3970 formas
1509 3919 1592 3968 non
1617 3889 1692 3964 nisi
1716 3866 2006 3976 emeleadfecte
2023 3907 2098 3958 car·

573 4039 635 4114 dia
660 4037 805 4115 derivat
824 4043 888 4126 ²⁷).
929 4031 1010 4129 ,llis
1028 4029 1167 4133 poecis
1182 4029 1431 4128 scriptoribus
1450 4029 1586 4136 rddere
1606 4025 1717 4102 licem
1735 4021 1900 4100 omissos
1922 4027 2096 4098 aTcsra

572 4242 866 4272 Μ

604 4323 655 4392 tlt)
672 4325 754 4377 Acus.
771 4321 853 4376 mord.
868 4323 941 4394 rign.
960 4329 989 4374 et
1001 4337 1090 4374 court.
1109 4321 1150 4375 ΙΙ.
1168 4333 1192 4374 t.

602 4427 646 4496 rb)
665 4427 746 4482 Acus
763 4423 846 4480 mord.
865 4425 912 4478 lib.
933 4425 968 4478 11.
990 4441 1013 4476 e.
1031 4421 1074 4476 δἰ.
1092 4439 1119 4492 p.
1144 4423 1202 4477 ase
1223 4423 1267 4478 sd.
1293 4423 1429 4480 Almelot.

603 4527 652 4600 rb)
670 4531 768 4582 Totius
782 4529 849 4582 med.
860 4527 989 4582 enchirid.
1011 4529 1122 4596 interpr.
1138 4525 1203 4580 Alb.
1220 4501 1334 4595 lorino,
1355 4529 1406 4588 111.
1424 4543 1448 4582 e.
1465 4521 1508 4580 5ss
1525 4539 1553 4593 p·
1577 4517 1637 4578 ²²50
1657 4519 1699 4578 td·
1715 4517 1777 4576 Μ.
1795 4513 1871 4586 2547.

601 4629 647 4703 ¹7)
667 4631 742 4688 Libr.
762 4631 825 4688 xli
843 4649 867 4686 t.
884 4629 910 4684 3.
932 4647 961 4700 p.
981 4627 1042 4702 sqq.
