<?xml version="1.0" encoding="UTF-8"?>
<!DOCTYPE html PUBLIC "-//W3C//DTD XHTML 1.0 Transitional//EN"
    "http://www.w3.org/TR/xhtml1/DTD/xhtml1-transitional.dtd">
<html xmlns="http://www.w3.org/1999/xhtml" xml:lang="en" lang="en">
 <head>
  <title>
</title>
<meta http-equiv="Content-Type" content="text/html;charset=utf-8" />
  <meta name='ocr-system' content='tesseract 3.04.00' />
  <meta name='ocr-capabilities' content='ocr_page ocr_carea ocr_par ocr_line ocrx_word'/>
</head>
<body>
  <div class='ocr_page' id='page_1' title='image "./commentatiopath00herigoog_0041.png"; bbox 0 0 4772 5832; ppageno 0'>
   <div class='ocr_carea' id='block_1_1' title="bbox 1127 549 1597 680">
    <p class='ocr_par' dir='ltr' id='par_1_1' title="bbox 1127 549 1597 680">
     <span class='ocr_line' id='line_1_1' title="bbox 1127 549 1597 680; baseline 0.004 -18"><span class='ocrx_word' id='word_1_1' title='bbox 1127 549 1371 680; x_wconf 61' lang='grc' dir='ltr'><strong>ἐι-ἐπ</strong></span> <span class='ocrx_word' id='word_1_2' title='bbox 1473 599 1597 664; x_wconf 86' lang='lat'>···.</span> 
     </span>
    </p>
   </div>
   <div class='ocr_carea' id='block_1_2' title="bbox 568 747 2128 1680">
    <p class='ocr_par' dir='ltr' id='par_1_2' title="bbox 568 747 2128 1680">
     <span class='ocr_line' id='line_1_2' title="bbox 581 747 2115 874; baseline -0.003 -24"><span class='ocrx_word' id='word_1_3' title='bbox 581 770 683 850; x_wconf 85' lang='lat' dir='ltr'><strong>mori</strong></span> <span class='ocrx_word' id='word_1_4' title='bbox 702 791 786 846; x_wconf 87' lang='lat' dir='ltr'><strong>non</strong></span> <span class='ocrx_word' id='word_1_5' title='bbox 801 767 877 848; x_wconf 88' lang='lat' dir='ltr'><strong>nisi</strong></span> <span class='ocrx_word' id='word_1_6' title='bbox 891 767 1119 850; x_wconf 78' lang='lat' dir='ltr'><strong>brevissimo</strong></span> <span class='ocrx_word' id='word_1_7' title='bbox 1136 772 1319 874; x_wconf 81' lang='lat' dir='ltr'><strong>temporis</strong></span> <span class='ocrx_word' id='word_1_8' title='bbox 1345 773 1586 850; x_wconf 73' lang='lat' dir='ltr'><strong>intervallos</strong></span> <span class='ocrx_word' id='word_1_9' title='bbox 1610 798 1650 852; x_wconf 84' lang='lat' dir='ltr'><strong>se</strong></span> <span class='ocrx_word' id='word_1_10' title='bbox 1672 747 1839 852; x_wconf 76' lang='lat' dir='ltr'><strong>invicem</strong></span> <span class='ocrx_word' id='word_1_11' title='bbox 1860 772 1937 848; x_wconf 90' lang='lat' dir='ltr'><strong>sint</strong></span> <span class='ocrx_word' id='word_1_12' title='bbox 1959 787 2115 846; x_wconf 77' lang='lat' dir='ltr'><strong>remotas</strong></span> 
     </span>
     <span class='ocr_line' id='line_1_3' title="bbox 582 886 2117 1018; baseline -0.003 -36"><span class='ocrx_word' id='word_1_13' title='bbox 582 909 628 982; x_wconf 91' lang='lat' dir='ltr'><strong>Id</strong></span> <span class='ocrx_word' id='word_1_14' title='bbox 647 907 689 980; x_wconf 88' lang='lat' dir='ltr'><strong>in</strong></span> <span class='ocrx_word' id='word_1_15' title='bbox 711 909 855 987; x_wconf 83' lang='lat' dir='ltr'><strong>morbis</strong></span> <span class='ocrx_word' id='word_1_16' title='bbox 883 909 1007 984; x_wconf 86' lang='lat' dir='ltr'><strong>cordis</strong></span> <span class='ocrx_word' id='word_1_17' title='bbox 1030 908 1206 1018; x_wconf 61' lang='lat' dir='ltr'><strong>inprimis</strong></span> <span class='ocrx_word' id='word_1_18' title='bbox 1237 909 1469 986; x_wconf 86' lang='lat' dir='ltr'><strong>observatur.</strong></span> <span class='ocrx_word' id='word_1_19' title='bbox 1490 886 1542 968; x_wconf 79' lang='lat'>.&#39;..</span> <span class='ocrx_word' id='word_1_20' title='bbox 1593 912 1631 985; x_wconf 82' lang='lat' dir='ltr'><strong>si</strong></span> <span class='ocrx_word' id='word_1_21' title='bbox 1646 914 1764 1014; x_wconf 86' lang='lat' dir='ltr'><strong>igitur</strong></span> <span class='ocrx_word' id='word_1_22' title='bbox 1776 935 1887 986; x_wconf 84' lang='lat' dir='ltr'><strong>verae</strong></span> <span class='ocrx_word' id='word_1_23' title='bbox 1907 907 2117 981; x_wconf 56' lang='lat' dir='ltr'><strong>inflammes</strong></span> 
     </span>
     <span class='ocr_line' id='line_1_4' title="bbox 568 1041 2128 1142; baseline -0.002 -26"><span class='ocrx_word' id='word_1_24' title='bbox 568 1041 702 1116; x_wconf 75' lang='lat' dir='ltr'><strong>-uonis</strong></span> <span class='ocrx_word' id='word_1_25' title='bbox 718 1069 941 1142; x_wconf 75' lang='lat' dir='ltr'>processus,</span> <span class='ocrx_word' id='word_1_26' title='bbox 980 1047 1040 1118; x_wconf 91' lang='lat' dir='ltr'><strong>uti</strong></span> <span class='ocrx_word' id='word_1_27' title='bbox 1055 1045 1361 1120; x_wconf 87' lang='lat' dir='ltr'><strong>animadversum</strong></span> <span class='ocrx_word' id='word_1_28' title='bbox 1378 1063 1446 1131; x_wconf 88' lang='lat' dir='ltr'><strong>est,</strong></span> <span class='ocrx_word' id='word_1_29' title='bbox 1474 1069 1520 1118; x_wconf 89' lang='lat' dir='ltr'><strong>eo</strong></span> <span class='ocrx_word' id='word_1_30' title='bbox 1542 1047 1683 1133; x_wconf 84' lang='lat' dir='ltr'><strong>tertdit,</strong></span> <span class='ocrx_word' id='word_1_31' title='bbox 1711 1065 1755 1126; x_wconf 86' lang='lat' dir='ltr'><strong>ut</strong></span> <span class='ocrx_word' id='word_1_32' title='bbox 1772 1071 1875 1122; x_wconf 87' lang='lat' dir='ltr'><strong>nova</strong></span> <span class='ocrx_word' id='word_1_33' title='bbox 1891 1041 2128 1118; x_wconf 75' lang='lat' dir='ltr'>nutritionis.</span> 
     </span>
     <span class='ocr_line' id='line_1_5' title="bbox 583 1172 2117 1279; baseline -0.001 -30"><span class='ocrx_word' id='word_1_34' title='bbox 583 1177 788 1279; x_wconf 85' lang='lat' dir='ltr'><strong>products,</strong></span> <span class='ocrx_word' id='word_1_35' title='bbox 832 1205 922 1254; x_wconf 81' lang='lat' dir='ltr'><strong>vasa</strong></span> <span class='ocrx_word' id='word_1_36' title='bbox 937 1197 975 1254; x_wconf 88' lang='lat' dir='ltr'><strong>et</strong></span> <span class='ocrx_word' id='word_1_37' title='bbox 998 1181 1113 1253; x_wconf 90' lang='lat' dir='ltr'><strong>telam</strong></span> <span class='ocrx_word' id='word_1_38' title='bbox 1132 1179 1370 1266; x_wconf 88' lang='lat' dir='ltr'><strong>cellulossm,</strong></span> <span class='ocrx_word' id='word_1_39' title='bbox 1407 1177 1691 1276; x_wconf 83' lang='lat' dir='ltr'><strong>quodammodo</strong></span> <span class='ocrx_word' id='word_1_40' title='bbox 1709 1183 1824 1269; x_wconf 85' lang='lat' dir='ltr'><strong>cr&#39;eet,</strong></span> <span class='ocrx_word' id='word_1_41' title='bbox 1870 1179 1972 1252; x_wconf 84' lang='lat' dir='ltr'><strong>haud</strong></span> <span class='ocrx_word' id='word_1_42' title='bbox 1989 1172 2117 1248; x_wconf 85' lang='lat' dir='ltr'><strong>diffici-</strong></span> 
     </span>
     <span class='ocr_line' id='line_1_6' title="bbox 584 1309 2116 1413; baseline -0.001 -29"><span class='ocrx_word' id='word_1_43' title='bbox 584 1312 624 1386; x_wconf 88' lang='lat' dir='ltr'><strong>le</strong></span> <span class='ocrx_word' id='word_1_44' title='bbox 639 1337 718 1386; x_wconf 88' lang='lat' dir='ltr'><strong>esse</strong></span> <span class='ocrx_word' id='word_1_45' title='bbox 732 1313 884 1390; x_wconf 86' lang='lat' dir='ltr'><strong>videtur</strong></span> <span class='ocrx_word' id='word_1_46' title='bbox 906 1315 954 1389; x_wconf 91' lang='lat' dir='ltr'><strong>ad</strong></span> <span class='ocrx_word' id='word_1_47' title='bbox 968 1311 1275 1413; x_wconf 85' lang='lat' dir='ltr'><strong>intelligendum,</strong></span> <span class='ocrx_word' id='word_1_48' title='bbox 1305 1313 1502 1412; x_wconf 92' lang='lat' dir='ltr'><strong>quomodo</strong></span> <span class='ocrx_word' id='word_1_49' title='bbox 1535 1339 1606 1412; x_wconf 88' lang='lat' dir='ltr'><strong>pro</strong></span> <span class='ocrx_word' id='word_1_50' title='bbox 1624 1315 1780 1390; x_wconf 83' lang='lat' dir='ltr'><strong>diversa</strong></span> <span class='ocrx_word' id='word_1_51' title='bbox 1804 1315 1948 1388; x_wconf 83' lang='lat' dir='ltr'><strong>stimuli</strong></span> <span class='ocrx_word' id='word_1_52' title='bbox 1971 1309 2116 1384; x_wconf 77' lang='lat' dir='ltr'><strong>inflem-</strong></span> 
     </span>
     <span class='ocr_line' id='line_1_7' title="bbox 586 1448 2128 1550; baseline -0.005 -30"><span class='ocrx_word' id='word_1_53' title='bbox 586 1449 761 1536; x_wconf 86' lang='lat' dir='ltr'><strong>matorii,</strong></span> <span class='ocrx_word' id='word_1_54' title='bbox 787 1449 1051 1550; x_wconf 84' lang='lat' dir='ltr'><strong>dispositionis</strong></span> <span class='ocrx_word' id='word_1_55' title='bbox 1066 1448 1258 1546; x_wconf 88' lang='lat' dir='ltr'><strong>corporis,</strong></span> <span class='ocrx_word' id='word_1_56' title='bbox 1296 1448 1493 1544; x_wconf 83' lang='lat' dir='ltr'><strong>peculiaris</strong></span> <span class='ocrx_word' id='word_1_57' title='bbox 1517 1451 1633 1548; x_wconf 85' lang='lat' dir='ltr'><strong>pertis</strong></span> <span class='ocrx_word' id='word_1_58' title='bbox 1660 1448 1825 1522; x_wconf 85' lang='lat' dir='ltr'><strong>adfectae</strong></span> <span class='ocrx_word' id='word_1_59' title='bbox 1849 1465 2057 1536; x_wconf 75' lang='lat' dir='ltr'><strong>structurae</strong></span> <span class='ocrx_word' id='word_1_60' title='bbox 2079 1459 2128 1514; x_wconf 83' lang='lat' dir='ltr'><strong>et.</strong></span> 
     </span>
     <span class='ocr_line' id='line_1_8' title="bbox 586 1557 2115 1680; baseline -0.004 -26"><span class='ocrx_word' id='word_1_61' title='bbox 586 1581 771 1656; x_wconf 84' lang='lat' dir='ltr'><strong>similium</strong></span> <span class='ocrx_word' id='word_1_62' title='bbox 785 1585 933 1658; x_wconf 87' lang='lat' dir='ltr'><strong>ratione</strong></span> <span class='ocrx_word' id='word_1_63' title='bbox 949 1584 1130 1680; x_wconf 77' lang='lat' dir='ltr'><strong>partium,</strong></span> <span class='ocrx_word' id='word_1_64' title='bbox 1167 1605 1266 1679; x_wconf 80' lang='lat' dir='ltr'><strong>quae</strong></span> <span class='ocrx_word' id='word_1_65' title='bbox 1279 1599 1367 1654; x_wconf 90' lang='lat' dir='ltr'><strong>ante</strong></span> <span class='ocrx_word' id='word_1_66' title='bbox 1382 1557 1693 1666; x_wconf 78' lang='lat' dir='ltr'><strong>inflammetionis</strong></span> <span class='ocrx_word' id='word_1_67' title='bbox 1711 1600 1836 1656; x_wconf 88' lang='lat' dir='ltr'><strong>ortum</strong></span> <span class='ocrx_word' id='word_1_68' title='bbox 1852 1585 1929 1656; x_wconf 83' lang='lat' dir='ltr'><strong>iem</strong></span> <span class='ocrx_word' id='word_1_69' title='bbox 1950 1582 2115 1664; x_wconf 87' lang='lat' dir='ltr'><strong>aderant,</strong></span> 
     </span>
    </p>
   </div>
   <div class='ocr_carea' id='block_1_3' title="bbox 459 1713 2118 1815">
    <p class='ocr_par' dir='ltr' id='par_1_3' title="bbox 459 1713 2118 1815">
     <span class='ocr_line' id='line_1_9' title="bbox 459 1713 2118 1815; baseline -0.003 -25"><span class='ocrx_word' id='word_1_70' title='bbox 459 1803 462 1812; x_wconf 28' lang='grc' dir='ltr'>Ι</span> <span class='ocrx_word' id='word_1_71' title='bbox 585 1713 804 1808; x_wconf 82' lang='lat' dir='ltr'><strong>destructio,</strong></span> <span class='ocrx_word' id='word_1_72' title='bbox 826 1737 868 1806; x_wconf 85' lang='lat' dir='ltr'><strong>et</strong></span> <span class='ocrx_word' id='word_1_73' title='bbox 876 1739 1090 1804; x_wconf 87' lang='lat' dir='ltr'><strong>novarum,</strong></span> <span class='ocrx_word' id='word_1_74' title='bbox 1112 1741 1209 1814; x_wconf 82' lang='lat' dir='ltr'><strong>quse</strong></span> <span class='ocrx_word' id='word_1_75' title='bbox 1224 1715 1513 1815; x_wconf 84' lang='lat' dir='ltr'><strong>organisatiouis</strong></span> <span class='ocrx_word' id='word_1_76' title='bbox 1531 1717 1694 1814; x_wconf 79' lang='lat' dir='ltr'><strong>spetiem</strong></span> <span class='ocrx_word' id='word_1_77' title='bbox 1717 1740 1805 1814; x_wconf 88' lang='lat' dir='ltr'><strong>prae</strong></span> <span class='ocrx_word' id='word_1_78' title='bbox 1821 1713 2014 1800; x_wconf 71' lang='lat' dir='ltr'><strong>ecferunt,</strong></span> <span class='ocrx_word' id='word_1_79' title='bbox 2032 1735 2118 1808; x_wconf 87' lang='lat' dir='ltr'><strong>pro·</strong></span> 
     </span>
    </p>
   </div>
   <div class='ocr_carea' id='block_1_4' title="bbox 483 1841 2219 3976">
    <p class='ocr_par' dir='ltr' id='par_1_4' title="bbox 533 1841 2182 2228">
     <span class='ocr_line' id='line_1_10' title="bbox 585 1841 2116 1950; baseline -0.004 -26"><span class='ocrx_word' id='word_1_80' title='bbox 585 1851 812 1950; x_wconf 74' lang='lat' dir='ltr'><strong>germinatio</strong></span> <span class='ocrx_word' id='word_1_81' title='bbox 826 1852 956 1924; x_wconf 90' lang='lat' dir='ltr'><strong>locum</strong></span> <span class='ocrx_word' id='word_1_82' title='bbox 967 1849 1112 1922; x_wconf 78' lang='lat' dir='ltr'><strong>habere</strong></span> <span class='ocrx_word' id='word_1_83' title='bbox 1125 1848 1259 1946; x_wconf 77' lang='lat' dir='ltr'><strong>possit.</strong></span> <span class='ocrx_word' id='word_1_84' title='bbox 1310 1856 1445 1946; x_wconf 89' lang='lat' dir='ltr'><strong>Neque</strong></span> <span class='ocrx_word' id='word_1_85' title='bbox 1465 1867 1590 1924; x_wconf 87' lang='lat' dir='ltr'><strong>tamen</strong></span> <span class='ocrx_word' id='word_1_86' title='bbox 1614 1853 1689 1924; x_wconf 92' lang='lat' dir='ltr'><strong>hoc</strong></span> <span class='ocrx_word' id='word_1_87' title='bbox 1708 1849 1825 1923; x_wconf 89' lang='lat' dir='ltr'><strong>modo</strong></span> <span class='ocrx_word' id='word_1_88' title='bbox 1851 1869 2007 1920; x_wconf 89' lang='lat' dir='ltr'><strong>omnem</strong></span> <span class='ocrx_word' id='word_1_89' title='bbox 2023 1841 2116 1919; x_wconf 85' lang='lat' dir='ltr'><strong>diffi-</strong></span> 
     </span>
     <span class='ocr_line' id='line_1_11' title="bbox 584 1981 2113 2082; baseline -0.002 -26"><span class='ocrx_word' id='word_1_90' title='bbox 584 1983 767 2058; x_wconf 86' lang='lat' dir='ltr'><strong>cultatem</strong></span> <span class='ocrx_word' id='word_1_91' title='bbox 785 1985 874 2060; x_wconf 90' lang='lat' dir='ltr'><strong>tolli</strong></span> <span class='ocrx_word' id='word_1_92' title='bbox 887 2001 996 2082; x_wconf 88' lang='lat' dir='ltr'><strong>putat</strong></span> <span class='ocrx_word' id='word_1_93' title='bbox 1005 1983 1130 2058; x_wconf 88' lang='lat' dir='ltr'><strong>Celeb.</strong></span> <span class='ocrx_word' id='word_1_94' title='bbox 1143 1990 1295 2072; x_wconf 75' lang='lat' dir='ltr'><strong>Tres-s,</strong></span> <span class='ocrx_word' id='word_1_95' title='bbox 1304 2008 1400 2082; x_wconf 89' lang='lat' dir='ltr'><strong>quae</strong></span> <span class='ocrx_word' id='word_1_96' title='bbox 1414 2009 1503 2058; x_wconf 85' lang='lat' dir='ltr'><strong>cum</strong></span> <span class='ocrx_word' id='word_1_97' title='bbox 1512 1987 1580 2060; x_wconf 83' lang='lat' dir='ltr'><strong>bec</strong></span> <span class='ocrx_word' id='word_1_98' title='bbox 1589 1984 1840 2080; x_wconf 79' lang='lat' dir='ltr'><strong>explicatione</strong></span> <span class='ocrx_word' id='word_1_99' title='bbox 1849 1981 2113 2056; x_wconf 85' lang='lat' dir='ltr'><strong>ossificationis</strong></span> 
     </span>
     <span class='ocr_line' id='line_1_12' title="bbox 533 2115 2182 2228; baseline -0.002 -38"><span class='ocrx_word' id='word_1_100' title='bbox 533 2217 542 2228; x_wconf 33' lang='lat'>¹</span> <span class='ocrx_word' id='word_1_101' title='bbox 588 2133 627 2190; x_wconf 88' lang='lat' dir='ltr'><strong>et</strong></span> <span class='ocrx_word' id='word_1_102' title='bbox 646 2118 807 2194; x_wconf 86' lang='lat' dir='ltr'><strong>lithiasis</strong></span> <span class='ocrx_word' id='word_1_103' title='bbox 837 2121 1040 2197; x_wconf 88' lang='lat' dir='ltr'><strong>coniuncta</strong></span> <span class='ocrx_word' id='word_1_104' title='bbox 1066 2119 1129 2200; x_wconf 83' lang='lat' dir='ltr'><strong>sit,</strong></span> <span class='ocrx_word' id='word_1_105' title='bbox 1204 2123 1393 2194; x_wconf 75' lang='lat' dir='ltr'><strong>Vesorum</strong></span> <span class='ocrx_word' id='word_1_106' title='bbox 1414 2119 1734 2216; x_wconf 83' lang='lat' dir='ltr'><strong>lymphaticorum</strong></span> <span class='ocrx_word' id='word_1_107' title='bbox 1749 2115 1966 2192; x_wconf 83' lang='lat' dir='ltr'><strong>efficientiae</strong></span> <span class='ocrx_word' id='word_1_108' title='bbox 1993 2117 2034 2188; x_wconf 90' lang='lat' dir='ltr'><strong>in</strong></span> <span class='ocrx_word' id='word_1_109' title='bbox 2056 2116 2117 2190; x_wconf 85' lang='lat' dir='ltr'><strong>his</strong></span> <span class='ocrx_word' id='word_1_110' title='bbox 2176 2179 2182 2186; x_wconf 92' lang='lat'>.</span> 
     </span>
    </p>

    <p class='ocr_par' dir='ltr' id='par_1_5' title="bbox 483 2241 2219 3976">
     <span class='ocr_line' id='line_1_13' title="bbox 587 2241 2219 2352; baseline -0.002 -26"><span class='ocrx_word' id='word_1_111' title='bbox 587 2251 781 2328; x_wconf 86' lang='lat' dir='ltr'><strong>morbosis</strong></span> <span class='ocrx_word' id='word_1_112' title='bbox 800 2253 1074 2352; x_wconf 79' lang='lat' dir='ltr'><strong>phoenomenis</strong></span> <span class='ocrx_word' id='word_1_113' title='bbox 1095 2251 1349 2351; x_wconf 86' lang='lat' dir='ltr'><strong>producendis</strong></span> <span class='ocrx_word' id='word_1_114' title='bbox 1365 2253 1574 2351; x_wconf 89' lang='lat' dir='ltr'><strong>plurimum</strong></span> <span class='ocrx_word' id='word_1_115' title='bbox 1593 2251 1838 2327; x_wconf 88' lang='lat' dir='ltr'><strong>tribuendum</strong></span> <span class='ocrx_word' id='word_1_116' title='bbox 1864 2275 1945 2326; x_wconf 85' lang='lat' dir='ltr'><strong>esse</strong></span> <span class='ocrx_word' id='word_1_117' title='bbox 1964 2250 2040 2326; x_wconf 87' lang='lat' dir='ltr'><strong>sibi</strong></span> <span class='ocrx_word' id='word_1_118' title='bbox 2054 2241 2125 2324; x_wconf 70' lang='lat' dir='ltr'><strong>ltu-¹</strong></span> <span class='ocrx_word' id='word_1_119' title='bbox 2210 2320 2219 2338; x_wconf 77' lang='grc'><em>,</em></span> 
     </span>
     <span class='ocr_line' id='line_1_14' title="bbox 584 2381 2116 2492; baseline 0.002 -36"><span class='ocrx_word' id='word_1_120' title='bbox 584 2381 652 2458; x_wconf 89' lang='lat' dir='ltr'><strong>bet</strong></span> <span class='ocrx_word' id='word_1_121' title='bbox 664 2411 909 2484; x_wconf 84' lang='lat' dir='ltr'><strong>persuasum,</strong></span> <span class='ocrx_word' id='word_1_122' title='bbox 934 2412 1023 2462; x_wconf 89' lang='lat' dir='ltr'><strong>cum</strong></span> <span class='ocrx_word' id='word_1_123' title='bbox 1034 2403 1209 2492; x_wconf 83' lang='lat' dir='ltr'><strong>constet,</strong></span> <span class='ocrx_word' id='word_1_124' title='bbox 1230 2388 1370 2468; x_wconf 80' lang='lat' dir='ltr'><strong>suasis</strong></span> <span class='ocrx_word' id='word_1_125' title='bbox 1389 2389 1471 2462; x_wconf 89' lang='lat' dir='ltr'><strong>illas</strong></span> <span class='ocrx_word' id='word_1_126' title='bbox 1485 2405 1748 2486; x_wconf 75' lang='lat' dir='ltr'><strong>osseas&#39;partes</strong></span> <span class='ocrx_word' id='word_1_127' title='bbox 1764 2411 1851 2463; x_wconf 81' lang='lat' dir='ltr'><strong>rere</strong></span> <span class='ocrx_word' id='word_1_128' title='bbox 1872 2386 1969 2486; x_wconf 84' lang='lat' dir='ltr'><strong>augi,</strong></span> <span class='ocrx_word' id='word_1_129' title='bbox 1991 2385 2116 2492; x_wconf 83' lang='lat' dir='ltr'><strong>absor-</strong></span> 
     </span>
     <span class='ocr_line' id='line_1_15' title="bbox 584 2511 2120 2622; baseline 0.001 -28"><span class='ocrx_word' id='word_1_130' title='bbox 584 2537 749 2620; x_wconf 84' lang='lat' dir='ltr'><strong>ptesque</strong></span> <span class='ocrx_word' id='word_1_131' title='bbox 766 2524 841 2596; x_wconf 92' lang='lat' dir='ltr'><strong>alio</strong></span> <span class='ocrx_word' id='word_1_132' title='bbox 858 2523 1010 2602; x_wconf 81' lang='lat' dir='ltr'><strong>deducit</strong></span> <span class='ocrx_word' id='word_1_133' title='bbox 1050 2523 1144 2622; x_wconf 91' lang='lat' dir='ltr'><strong>quin</strong></span> <span class='ocrx_word' id='word_1_134' title='bbox 1155 2524 1246 2598; x_wconf 86' lang='lat' dir='ltr'><strong>baec</strong></span> <span class='ocrx_word' id='word_1_135' title='bbox 1261 2549 1350 2598; x_wconf 82' lang='lat' dir='ltr'><strong>uasa</strong></span> <span class='ocrx_word' id='word_1_136' title='bbox 1365 2522 1571 2612; x_wconf 84' lang='lat' dir='ltr'><strong>interdum,</strong></span> <span class='ocrx_word' id='word_1_137' title='bbox 1596 2531 1843 2600; x_wconf 79' lang='lat' dir='ltr'><strong>Mascacsno</strong></span> <span class='ocrx_word' id='word_1_138' title='bbox 1864 2525 1929 2615; x_wconf 83' lang='lat'><strong>²⁴⁰)</strong></span> <span class='ocrx_word' id='word_1_139' title='bbox 1946 2540 1983 2596; x_wconf 89' lang='lat' dir='ltr'><strong>et</strong></span> <span class='ocrx_word' id='word_1_140' title='bbox 2000 2511 2120 2596; x_wconf 71' lang='lat' dir='ltr'><strong>asst-</strong></span> 
     </span>
     <span class='ocr_line' id='line_1_16' title="bbox 585 2653 2118 2760; baseline 0.001 -30"><span class='ocrx_word' id='word_1_141' title='bbox 585 2679 705 2730; x_wconf 80' lang='lat' dir='ltr'><strong>unsto</strong></span> <span class='ocrx_word' id='word_1_142' title='bbox 722 2658 783 2756; x_wconf 83' lang='lat'>¹⁴¹)</span> <span class='ocrx_word' id='word_1_143' title='bbox 799 2658 981 2746; x_wconf 88' lang='lat' dir='ltr'><strong>testibus,</strong></span> <span class='ocrx_word' id='word_1_144' title='bbox 1020 2653 1206 2734; x_wconf 81' lang='lat' dir='ltr'><strong>ossiiicata</strong></span> <span class='ocrx_word' id='word_1_145' title='bbox 1229 2660 1397 2759; x_wconf 85' lang='lat' dir='ltr'><strong>reperiri.</strong></span> <span class='ocrx_word' id='word_1_146' title='bbox 1447 2665 1570 2760; x_wconf 78' lang='lat' dir='ltr'><strong>Quem</strong></span> <span class='ocrx_word' id='word_1_147' title='bbox 1594 2659 1648 2732; x_wconf 89' lang='lat' dir='ltr'><strong>ob</strong></span> <span class='ocrx_word' id='word_1_148' title='bbox 1663 2681 1744 2731; x_wconf 89' lang='lat' dir='ltr'><strong>rem</strong></span> <span class='ocrx_word' id='word_1_149' title='bbox 1768 2663 1929 2732; x_wconf 76' lang='lat' dir='ltr'><strong>Tzsrae</strong></span> <span class='ocrx_word' id='word_1_150' title='bbox 1949 2657 2118 2754; x_wconf 77' lang='lat' dir='ltr'><strong>suspitio</strong></span> 
     </span>
     <span class='ocr_line' id='line_1_17' title="bbox 570 2787 2128 2892; baseline 0 -30"><span class='ocrx_word' id='word_1_151' title='bbox 570 2787 743 2866; x_wconf 80' lang='lat' dir='ltr'><strong>subnata</strong></span> <span class='ocrx_word' id='word_1_152' title='bbox 758 2809 834 2884; x_wconf 83' lang='lat' dir='ltr'><strong>est,</strong></span> <span class='ocrx_word' id='word_1_153' title='bbox 881 2793 1143 2892; x_wconf 78' lang='lat' dir='ltr'><strong>dispositionis</strong></span> <span class='ocrx_word' id='word_1_154' title='bbox 1167 2793 1394 2870; x_wconf 80' lang='lat' dir='ltr'><strong>rbnchiticae</strong></span> <span class='ocrx_word' id='word_1_155' title='bbox 1426 2795 1615 2868; x_wconf 73' lang='lat' dir='ltr'><strong>rationem</strong></span> <span class='ocrx_word' id='word_1_156' title='bbox 1636 2796 1679 2867; x_wconf 82' lang='lat' dir='ltr'><strong>in</strong></span> <span class='ocrx_word' id='word_1_157' title='bbox 1694 2792 1840 2867; x_wconf 86' lang='lat' dir='ltr'><strong>morbis</strong></span> <span class='ocrx_word' id='word_1_158' title='bbox 1858 2790 1979 2864; x_wconf 84' lang='lat' dir='ltr'><strong>cordis</strong></span> <span class='ocrx_word' id='word_1_159' title='bbox 1999 2789 2128 2886; x_wconf 77' lang='lat' dir='ltr'><strong>expli·-</strong></span> 
     </span>
     <span class='ocr_line' id='line_1_18' title="bbox 582 2923 2114 3028; baseline -0.002 -28"><span class='ocrx_word' id='word_1_160' title='bbox 582 2925 710 3000; x_wconf 87' lang='lat' dir='ltr'><strong>cendis</strong></span> <span class='ocrx_word' id='word_1_161' title='bbox 729 2927 942 3002; x_wconf 80' lang='lat' dir='ltr'><strong>habendam</strong></span> <span class='ocrx_word' id='word_1_162' title='bbox 965 2953 1058 3010; x_wconf 85' lang='lat' dir='ltr'><strong>esse.</strong></span> <span class='ocrx_word' id='word_1_163' title='bbox 1111 2931 1287 3028; x_wconf 87' lang='lat' dir='ltr'><strong>Denique</strong></span> <span class='ocrx_word' id='word_1_164' title='bbox 1307 2927 1647 3014; x_wconf 80' lang='lat' dir='ltr'><strong>irtilemmstiouem</strong></span> <span class='ocrx_word' id='word_1_165' title='bbox 1667 2951 1822 3028; x_wconf 90' lang='lat' dir='ltr'><strong>quoque</strong></span> <span class='ocrx_word' id='word_1_166' title='bbox 1846 2923 2114 3013; x_wconf 66' lang='lat' dir='ltr'><strong>sstbsitissimo</strong></span> 
     </span>
     <span class='ocr_line' id='line_1_19' title="bbox 583 3055 2115 3160; baseline -0.004 -24"><span class='ocrx_word' id='word_1_167' title='bbox 583 3085 670 3136; x_wconf 85' lang='lat' dir='ltr'><strong>rum</strong></span> <span class='ocrx_word' id='word_1_168' title='bbox 686 3065 868 3138; x_wconf 81' lang='lat' dir='ltr'><strong>vasorum</strong></span> <span class='ocrx_word' id='word_1_169' title='bbox 886 3063 987 3134; x_wconf 80' lang='lat' dir='ltr'><strong>baud</strong></span> <span class='ocrx_word' id='word_1_170' title='bbox 1001 3089 1134 3160; x_wconf 86' lang='lat' dir='ltr'><strong>parum</strong></span> <span class='ocrx_word' id='word_1_171' title='bbox 1151 3061 1391 3140; x_wconf 87' lang='lat' dir='ltr'><strong>contribuere</strong></span> <span class='ocrx_word' id='word_1_172' title='bbox 1408 3063 1586 3158; x_wconf 82' lang='lat' dir='ltr'><strong>opinetur</strong></span> <span class='ocrx_word' id='word_1_173' title='bbox 1601 3059 1933 3144; x_wconf 87' lang='lat' dir='ltr'><strong>adossificationis</strong></span> <span class='ocrx_word' id='word_1_174' title='bbox 1957 3055 2115 3130; x_wconf 84' lang='lat' dir='ltr'><strong>morbo·</strong></span> 
     </span>
     <span class='ocr_line' id='line_1_20' title="bbox 584 3189 2113 3296; baseline -0.007 -24"><span class='ocrx_word' id='word_1_175' title='bbox 584 3219 647 3272; x_wconf 87' lang='lat' dir='ltr'><strong>ate</strong></span> <span class='ocrx_word' id='word_1_176' title='bbox 662 3195 850 3296; x_wconf 81' lang='lat' dir='ltr'><strong>originem</strong></span> <span class='ocrx_word' id='word_1_177' title='bbox 866 3197 1135 3294; x_wconf 72' lang='lat' dir='ltr'><strong>explicandam.</strong></span> <span class='ocrx_word' id='word_1_178' title='bbox 1189 3195 1264 3272; x_wconf 84' lang='lat' dir='ltr'><strong>Cui·</strong></span> <span class='ocrx_word' id='word_1_179' title='bbox 1276 3193 1426 3293; x_wconf 82' lang='lat' dir='ltr'><strong>quidem</strong></span> <span class='ocrx_word' id='word_1_180' title='bbox 1447 3193 1655 3266; x_wconf 86' lang='lat' dir='ltr'><strong>sententiae</strong></span> <span class='ocrx_word' id='word_1_181' title='bbox 1678 3193 1797 3272; x_wconf 86' lang='lat' dir='ltr'><strong>robur</strong></span> <span class='ocrx_word' id='word_1_182' title='bbox 1818 3191 1962 3265; x_wconf 87' lang='lat' dir='ltr'><strong>addunt</strong></span> <span class='ocrx_word' id='word_1_183' title='bbox 1975 3189 2113 3286; x_wconf 81' lang='lat' dir='ltr'><strong>purtim</strong></span> 
     </span>
     <span class='ocr_line' id='line_1_21' title="bbox 580 3329 2114 3430; baseline -0.004 -26"><span class='ocrx_word' id='word_1_184' title='bbox 580 3331 843 3430; x_wconf 83' lang='lat' dir='ltr'><strong>phaenomena</strong></span> <span class='ocrx_word' id='word_1_185' title='bbox 859 3331 1085 3421; x_wconf 87' lang='lat' dir='ltr'><strong>arthritidia,</strong></span> <span class='ocrx_word' id='word_1_186' title='bbox 1104 3331 1146 3406; x_wconf 94' lang='lat' dir='ltr'><strong>in</strong></span> <span class='ocrx_word' id='word_1_187' title='bbox 1166 3355 1239 3430; x_wconf 90' lang='lat' dir='ltr'><strong>qua</strong></span> <span class='ocrx_word' id='word_1_188' title='bbox 1256 3348 1345 3430; x_wconf 89' lang='lat' dir='ltr'><strong>post</strong></span> <span class='ocrx_word' id='word_1_189' title='bbox 1364 3329 1586 3418; x_wconf 81' lang='lat' dir='ltr'><strong>bursarum,</strong></span> <span class='ocrx_word' id='word_1_190' title='bbox 1618 3353 1713 3428; x_wconf 87' lang='lat' dir='ltr'><strong>quae</strong></span> <span class='ocrx_word' id='word_1_191' title='bbox 1733 3330 1831 3403; x_wconf 86' lang='lat' dir='ltr'><strong>male</strong></span> <span class='ocrx_word' id='word_1_192' title='bbox 1846 3349 2024 3400; x_wconf 69' lang='lat' dir='ltr'><strong>muscosae</strong></span> <span class='ocrx_word' id='word_1_193' title='bbox 2038 3347 2114 3398; x_wconf 75' lang='grc' dir='ltr'><strong>νο·</strong></span> 
     </span>
     <span class='ocr_line' id='line_1_22' title="bbox 580 3453 2113 3556; baseline -0.007 -13"><span class='ocrx_word' id='word_1_194' title='bbox 580 3487 737 3556; x_wconf 79' lang='lat' dir='ltr'><strong>cuntur,</strong></span> <span class='ocrx_word' id='word_1_195' title='bbox 761 3461 1066 3540; x_wconf 77' lang='lat' dir='ltr'><strong>membranarum</strong></span> <span class='ocrx_word' id='word_1_196' title='bbox 1083 3487 1122 3542; x_wconf 87' lang='lat' dir='ltr'><strong>et</strong></span> <span class='ocrx_word' id='word_1_197' title='bbox 1138 3468 1341 3542; x_wconf 83' lang='lat' dir='ltr'><strong>tendinum</strong></span> <span class='ocrx_word' id='word_1_198' title='bbox 1360 3462 1698 3538; x_wconf 84' lang='lat' dir='ltr'><strong>inflammationem</strong></span> <span class='ocrx_word' id='word_1_199' title='bbox 1726 3453 1915 3538; x_wconf 88' lang='lat' dir='ltr'><strong>eiusmodi</strong></span> <span class='ocrx_word' id='word_1_200' title='bbox 1931 3461 2113 3532; x_wconf 79' lang='lat' dir='ltr'><strong>humores</strong></span> 
     </span>
     <span class='ocr_line' id='line_1_23' title="bbox 483 3567 2166 3700; baseline -0.007 -24"><span class='ocrx_word' id='word_1_201' title='bbox 483 3621 492 3632; x_wconf 84' lang='lat'><em>·</em></span> <span class='ocrx_word' id='word_1_202' title='bbox 582 3603 887 3688; x_wconf 80' lang='lat' dir='ltr'><strong>accumulentur,</strong></span> <span class='ocrx_word' id='word_1_203' title='bbox 926 3601 1029 3676; x_wconf 88' lang='lat' dir='ltr'><strong>unde</strong></span> <span class='ocrx_word' id='word_1_204' title='bbox 1048 3602 1157 3698; x_wconf 83' lang='lat' dir='ltr'><strong>tophi</strong></span> <span class='ocrx_word' id='word_1_205' title='bbox 1180 3597 1385 3684; x_wconf 77' lang='lat' dir='ltr'><strong>arthritici,</strong></span> <span class='ocrx_word' id='word_1_206' title='bbox 1425 3599 1624 3674; x_wconf 79' lang='lat' dir='ltr'><strong>eoelestis</strong></span> <span class='ocrx_word' id='word_1_207' title='bbox 1639 3597 1894 3697; x_wconf 84' lang='lat' dir='ltr'><strong>phosphorica</strong></span> <span class='ocrx_word' id='word_1_208' title='bbox 1910 3619 1979 3669; x_wconf 87' lang='lat' dir='ltr'><strong>seu</strong></span> <span class='ocrx_word' id='word_1_209' title='bbox 1995 3567 2114 3700; x_wconf 55' lang='lat' dir='ltr'><strong>pbosss</strong></span> <span class='ocrx_word' id='word_1_210' title='bbox 2160 3683 2166 3690; x_wconf 88' lang='lat'><em>.</em></span> 
     </span>
     <span class='ocr_line' id='line_1_24' title="bbox 582 3729 2112 3835; baseline -0.008 -25"><span class='ocrx_word' id='word_1_211' title='bbox 582 3738 696 3834; x_wconf 85' lang='lat' dir='ltr'><strong>phate</strong></span> <span class='ocrx_word' id='word_1_212' title='bbox 715 3734 823 3810; x_wconf 77' lang='lat' dir='ltr'><strong>calcia</strong></span> <span class='ocrx_word' id='word_1_213' title='bbox 838 3759 1013 3835; x_wconf 80' lang='lat' dir='ltr'><strong>megusm</strong></span> <span class='ocrx_word' id='word_1_214' title='bbox 1029 3752 1172 3832; x_wconf 84' lang='lat' dir='ltr'><strong>partem</strong></span> <span class='ocrx_word' id='word_1_215' title='bbox 1186 3751 1415 3824; x_wconf 86' lang='lat' dir='ltr'><strong>constantes,</strong></span> <span class='ocrx_word' id='word_1_216' title='bbox 1438 3737 1705 3828; x_wconf 69' lang='lat' dir='ltr'><strong>oriuntur²⁴⁸);</strong></span> <span class='ocrx_word' id='word_1_217' title='bbox 1726 3733 1865 3831; x_wconf 83' lang='lat' dir='ltr'><strong>purtim</strong></span> <span class='ocrx_word' id='word_1_218' title='bbox 1875 3729 2112 3802; x_wconf 87' lang='lat' dir='ltr'><strong>calculorum</strong></span> 
     </span>
     <span class='ocr_line' id='line_1_25' title="bbox 578 3853 2114 3976; baseline -0.008 -28"><span class='ocrx_word' id='word_1_219' title='bbox 578 3871 832 3948; x_wconf 73' lang='lat' dir='ltr'><strong>urinariontm</strong></span> <span class='ocrx_word' id='word_1_220' title='bbox 866 3871 1086 3976; x_wconf 78' lang='lat' dir='ltr'><strong>generatio,</strong></span> <span class='ocrx_word' id='word_1_221' title='bbox 1137 3879 1250 3971; x_wconf 81' lang='lat' dir='ltr'><strong>quem</strong></span> <span class='ocrx_word' id='word_1_222' title='bbox 1277 3889 1441 3970; x_wconf 83' lang='lat' dir='ltr'><strong>nuperae</strong></span> <span class='ocrx_word' id='word_1_223' title='bbox 1474 3853 1756 3974; x_wconf 84' lang='lat' dir='ltr'><strong>disquisitiones</strong></span> <span class='ocrx_word' id='word_1_224' title='bbox 1797 3868 1992 3946; x_wconf 81' lang='lat' dir='ltr'><strong>Autrstnr</strong></span> <span class='ocrx_word' id='word_1_225' title='bbox 2033 3862 2114 3954; x_wconf 76' lang='lat'><strong>¹⁴⁹),</strong></span> 
     </span>
    </p>
   </div>
   <div class='ocr_carea' id='block_1_5' title="bbox 608 4183 2151 4662">
    <p class='ocr_par' dir='ltr' id='par_1_6' title="bbox 616 4183 1149 4262">
     <span class='ocr_line' id='line_1_26' title="bbox 616 4183 1149 4262; baseline 0.006 -24"><span class='ocrx_word' id='word_1_226' title='bbox 616 4183 685 4255; x_wconf 71' lang='lat' dir='ltr'><strong>tio)</strong></span> <span class='ocrx_word' id='word_1_227' title='bbox 704 4183 773 4238; x_wconf 72' lang='lat' dir='ltr'><strong>Vens</strong></span> <span class='ocrx_word' id='word_1_228' title='bbox 787 4187 1039 4262; x_wconf 73' lang='lat' dir='ltr'><strong>Soug&#39;edanyetem.</strong></span> <span class='ocrx_word' id='word_1_229' title='bbox 1059 4191 1088 4244; x_wconf 80' lang='lat' dir='ltr'><strong>S.</strong></span> <span class='ocrx_word' id='word_1_230' title='bbox 1101 4186 1149 4242; x_wconf 62' lang='grc'><strong>45.</strong></span> 
     </span>
    </p>

    <p class='ocr_par' dir='ltr' id='par_1_7' title="bbox 612 4283 1487 4362">
     <span class='ocr_line' id='line_1_27' title="bbox 612 4283 1487 4362; baseline 0.002 -22"><span class='ocrx_word' id='word_1_231' title='bbox 612 4285 676 4356; x_wconf 71' lang='lat' dir='ltr'><strong>tit)</strong></span> <span class='ocrx_word' id='word_1_232' title='bbox 696 4285 816 4341; x_wconf 74' lang='lat' dir='ltr'><strong>renuet</strong></span> <span class='ocrx_word' id='word_1_233' title='bbox 833 4287 878 4340; x_wconf 74' lang='lat' dir='ltr'><strong>ub.</strong></span> <span class='ocrx_word' id='word_1_234' title='bbox 895 4289 921 4342; x_wconf 87' lang='lat' dir='ltr'><strong>d.</strong></span> <span class='ocrx_word' id='word_1_235' title='bbox 940 4289 1062 4342; x_wconf 78' lang='lat' dir='ltr'><strong>Ktouklt.</strong></span> <span class='ocrx_word' id='word_1_236' title='bbox 1082 4291 1109 4343; x_wconf 91' lang='lat' dir='ltr'><strong>d.</strong></span> <span class='ocrx_word' id='word_1_237' title='bbox 1126 4289 1225 4362; x_wconf 68' lang='lat' dir='ltr'><strong>lymph.</strong></span> <span class='ocrx_word' id='word_1_238' title='bbox 1243 4289 1372 4359; x_wconf 70' lang='lat' dir='ltr'><strong>Syatm.</strong></span> <span class='ocrx_word' id='word_1_239' title='bbox 1387 4283 1422 4344; x_wconf 69' lang='lat' dir='ltr'><strong>S.</strong></span> <span class='ocrx_word' id='word_1_240' title='bbox 1439 4288 1487 4342; x_wconf 68' lang='lat' dir='ltr'><strong>da·</strong></span> 
     </span>
    </p>

    <p class='ocr_par' dir='ltr' id='par_1_8' title="bbox 615 4385 1392 4461">
     <span class='ocr_line' id='line_1_28' title="bbox 615 4385 1392 4461; baseline -0.003 -19"><span class='ocrx_word' id='word_1_241' title='bbox 615 4388 675 4456; x_wconf 75' lang='lat' dir='ltr'><strong>tia)</strong></span> <span class='ocrx_word' id='word_1_242' title='bbox 692 4387 905 4461; x_wconf 75' lang='lat' dir='ltr'><strong>Medt&#39;colsaeta</strong></span> <span class='ocrx_word' id='word_1_243' title='bbox 921 4390 979 4443; x_wconf 81' lang='lat' dir='ltr'><strong>ond</strong></span> <span class='ocrx_word' id='word_1_244' title='bbox 996 4389 1129 4444; x_wconf 70' lang='lat' dir='ltr'><strong>chamot.</strong></span> <span class='ocrx_word' id='word_1_245' title='bbox 1156 4391 1220 4444; x_wconf 79' lang='lat' dir='ltr'><strong>vot.</strong></span> <span class='ocrx_word' id='word_1_246' title='bbox 1241 4389 1289 4442; x_wconf 87' lang='lat' dir='ltr'><strong>tv.</strong></span> <span class='ocrx_word' id='word_1_247' title='bbox 1304 4409 1330 4459; x_wconf 87' lang='lat' dir='ltr'><strong>p.</strong></span> <span class='ocrx_word' id='word_1_248' title='bbox 1349 4385 1392 4440; x_wconf 76' lang='grc'><strong>56.</strong></span> 
     </span>
    </p>

    <p class='ocr_par' dir='ltr' id='par_1_9' title="bbox 608 4483 2151 4662">
     <span class='ocr_line' id='line_1_29' title="bbox 608 4483 2106 4566; baseline -0.004 -22"><span class='ocrx_word' id='word_1_249' title='bbox 608 4489 672 4558; x_wconf 68' lang='lat' dir='ltr'><strong>stt)</strong></span> <span class='ocrx_word' id='word_1_250' title='bbox 696 4491 820 4546; x_wconf 60' lang='lat' dir='ltr'><strong>statice</strong></span> <span class='ocrx_word' id='word_1_251' title='bbox 835 4507 873 4546; x_wconf 79' lang='lat' dir='ltr'><strong>en</strong></span> <span class='ocrx_word' id='word_1_252' title='bbox 891 4491 937 4547; x_wconf 71' lang='lat' dir='ltr'><strong>the</strong></span> <span class='ocrx_word' id='word_1_253' title='bbox 953 4491 1044 4564; x_wconf 70' lang='lat' dir='ltr'><strong>origia</strong></span> <span class='ocrx_word' id='word_1_254' title='bbox 1064 4493 1124 4550; x_wconf 70' lang='lat' dir='ltr'><strong>ud</strong></span> <span class='ocrx_word' id='word_1_255' title='bbox 1141 4503 1298 4566; x_wconf 68' lang='lat' dir='ltr'><strong>comparum</strong></span> <span class='ocrx_word' id='word_1_256' title='bbox 1307 4499 1392 4562; x_wconf 72' lang='lat' dir='ltr'><strong>porte</strong></span> <span class='ocrx_word' id='word_1_257' title='bbox 1411 4485 1445 4561; x_wconf 70' lang='grc' dir='ltr'><strong>ο]</strong></span> <span class='ocrx_word' id='word_1_258' title='bbox 1461 4483 1507 4540; x_wconf 77' lang='lat' dir='ltr'><strong>llaa</strong></span> <span class='ocrx_word' id='word_1_259' title='bbox 1521 4491 1599 4539; x_wconf 65' lang='lat' dir='ltr'><strong>dom</strong></span> <span class='ocrx_word' id='word_1_260' title='bbox 1618 4487 1649 4537; x_wconf 80' lang='lat' dir='ltr'><strong>t&#39;n</strong></span> <span class='ocrx_word' id='word_1_261' title='bbox 1663 4485 1711 4539; x_wconf 67' lang='lat' dir='ltr'><strong>aba</strong></span> <span class='ocrx_word' id='word_1_262' title='bbox 1738 4487 1850 4557; x_wconf 62' lang='lat' dir='ltr'><strong>urim</strong></span> <span class='ocrx_word' id='word_1_263' title='bbox 1864 4483 1982 4540; x_wconf 69' lang='lat' dir='ltr'><strong>obtem</strong></span> <span class='ocrx_word' id='word_1_264' title='bbox 2014 4483 2106 4558; x_wconf 65' lang='lat' dir='ltr'><strong>Loud-</strong></span> 
     </span>
     <span class='ocr_line' id='line_1_30' title="bbox 641 4589 2151 4662; baseline 0.004 -22"><span class='ocrx_word' id='word_1_265' title='bbox 641 4589 758 4662; x_wconf 67' lang='lat' dir='ltr'><strong>appu&amp;</strong></span> <span class='ocrx_word' id='word_1_266' title='bbox 2148 4603 2151 4610; x_wconf 85' lang='lat'>&#39;</span> 
     </span>
    </p>
   </div>
   <div class='ocr_carea' id='block_1_6' title="bbox 0 0 2390 5831">
    <p class='ocr_par' dir='ltr' id='par_1_10' title="bbox 0 0 2390 5831">
     <span class='ocr_line' id='line_1_31' title="bbox 0 0 2390 5831; baseline 0 0"><span class='ocrx_word' id='word_1_267' title='bbox 0 0 2390 5831; x_wconf 95' lang='lat' dir='ltr'><strong> </strong></span> 
     </span>
    </p>
   </div>
  </div>
 </body>
</html>
