4772 5832
266 837 437 894 sanatos
459 814 510 900 ⁸⁵>
530 806 829 910 palpitationem,
857 831 903 880 ex
930 801 1043 882 corde
1068 793 1317 902 valvulisqtie
1342 761 1468 878 abrtae
1494 793 1693 882 'ossifieaata
1719 807 1804 886 ori«

265 952 428 1040 undam,
455 946 683 1024 observavit.
736 943 886 1040 Scilicet
911 941 987 1027 vir,
1021 939 1162 1038 viginti
1186 963 1254 1012 sex
1277 959 1491 1028 annorum,
1527 943 1592 1046 qui
1617 941 1719 1018 anno
1743 969 1801 1020 aa·

266 1089 353 1161 tatis
377 1106 485 1162 nono
509 1110 531 1160 a
555 1079 671 1168 turri,
712 1079 803 1154 duas
837 1093 875 1150 et
899 1077 1188 1176 triginta'ulnas
1215 1075 1311 1161 alta,
1353 1073 1529 1176 delapsus
1548 1077 1640 1152 inde
1666 1099 1801 1185 contu·

265 1222 416 1296 sionem
442 1243 596 1321 gravem
621 1218 663 1290 in
688 1233 841 1312 pectora
866 1205 1138 1310 reportaverat,
1185 1223 1316 1308 postea
1351 1227 1480 1283 autem
1505 1213 1563 1286 bis
1589 1240 1687 1314 aqua
1713 1217 1801 1292 sub·
1850 1249 1857 1270 1

264 1379 413 1435 mersus
440 1356 652 1456 periculum
678 1345 1032 1448 suffocationis-vix
1053 1341 1246 1446 effugerat,
1273 1345 1419 1421 ultimis
1446 1343 1576 1456 aetatis
1598 1351 1707 1426 annis
1724 1377 1801 1427 sse.

263 1493 352 1592 pius
377 1489 604 1566 afficiebatur
628 1483 814 1562 molestiis
839 1482 1195 1580 hypochondriaeis,
1221 1481 1338 1580 pulsu
1363 1461 1657 1574 intermittentes,
1674 1489 1801 1564 anxie.

265 1643 342 1702 tate
367 1633 411 1700 e‘t
427 1621 838 1720 difficili,resptratione
861 1641 949 1691 cum
976 1609 1223 1714 palpitatione
1249 1616 1374 1690 cordis
1397 1617 1590 1708 violenta,
1629 1623 1675 1694 ad
1703 1647 1800 1720 quae

264 1763 407 1836 sensim
449 1759 675 1834 accedebant
712 1752 945 1852 paroxysmi
968 1745 1232 1827 suffocationis
1266 1750 1602 1824 vehementissimi.
1681 1759 1799 1836 cuius
1890 1754 1892 1763 '

267 1903 354 1970 euni
375 1895 531 1971 cadaver
552 1893 754 1968 dissectum
780 1905 896 1977 esset,
935 1885 1203 1994 inveniebatur
1223 1909 1289 1961 cot
1313 1910 1512 1986 magnum,
1550 1869 1801 1984 pei-icardium
1831 1885 1834 1899 ¹

266 2055 364 2128 aquo
388 2019 599 2135 repletum,
615 2031 794 2144 valvulae
819 2045 945 2106 sortes
969 2021 1176 2098 ossificatae
1200 2041 1311 2124 atque
1333 2039 1419 2097 ente
1441 2023 1582 2100 ostium
1608 2045 1735 2104 aortae
1758 2030 1800 2106 in
1872 2013 1875 2018 ⁵
1975 2008 1982 2018 ⁸

271 2166 351 2262 ipsa
374 2161 495 2240 cordis
519 2161 729 2236 substantia
757 2187 798 2234 os
824 2161 1039 2264 oblongum
1068 2162 1364 2262 multangulum.

365 2283 591 2376 nannius
619 2297 666 2396 ⁸⁶)
692 2299 840 2385 virum,
887 2298 1080 2398 sexaginta
1106 2315 1196 2372 octo
1219 2300 1329 2374 annis
1359 2319 1532 2400 gravem,
1573 2298 1669 2376 vino
1698 2301 1799 2376 dedi·

267 2451 371 2524 tum,
395 2451 433 2508 ot
454 2433 615 2509 subinde
634 2432 822 2534 podagrae
837 2431 1043 2507 insultibus
1068 2405 1269 2524 adflictum,
1295 2435 1364 2534 qui
1387 2435 1545 2508 minime
1571 2434 1707 2509 cubare
1731 2461 1799 2536 po·

266 2591 382 2660 terat,
410 2573 475 2648 sed
500 2595 649 2669 semper
675 2590 828 2668 pectore
854 2541 1070 2644 antrorsum
1096 2570 1300 2646 incurvato
1329 2571 1455 2646 sedere
1477 2540 1650 2660 debebat,
1673 2573 1801 2646 auxie-

268 2727 345 2811 tate
371 2727 408 2780 at
432 2708 689 2804 respirationis
716 2703 934 2777 difficultate
961 2729 1202 2802 oppressum,
1248 2710 1364 2806 pulsu
1397 2731 1515 2804 parvo
1550 2724 1661 2804 atque
1686 2708 1801 2780 inter·

268 2845 444 2936 mittente
468 2841 722 2937 conspicuum
748 2839 947 2925 dissentit,
984 2837 1118 2936 quiin
1139 2845 1302 2942 utroque
1324 2828 1477 2940 pldurae
1504 2865 1613 2914 sacto
1636 2859 1800 2938 quatuor

268 2979 416 3074 circites
441 2976 733 3072 equaeunoias,
752 2999 818 3048 cor
840 2975 1042 3072 inusitatae
1066 2977 1360 3104 magnitudinis,
1386 2975 1558 3050 arteriam
1583 2977 1664 3048 eius
1690 2999 1800 3050 coro·

185 3101 189 3110 ’
269 3113 413 3186 nariam
439 3111 486 3182 ad
507 3109 689 3180 minimos
707 3131 823 3203 usque
834 3107 1004 3185 ramulos
1031 3109 1271 3198 ossificatam,
1303 3127 1342 3184 et
1365 3111 1407 3182 in
1429 3110 1629 3210 utriusque
1656 3113 1800 3188 ventri·

269 3247 348 3324 culi
368 3245 543 3322 valvulis
563 3241 858 3316 semilunaribus
885 3241 1054 3314 eiusdem
1078 3243 1163 3316 vitii
1186 3245 1295 3316 initia
1322 3239 1511 3318 offerebat

305 3429 308 3437 ι
348 3387 541 3455 -Snnnws
567 3383 617 3463 ⁸⁷)
640 3377 683 3447 in
705 3352 844 3450 iuvene
874 3397 1062 3450 annorum
1086 3375 1318 3464 octodecim,
1370 3379 1438 3476 qui
1472 3401 1560 3452 sum
1584 3381 1802 3454 vehementi

271 3517 394 3596 cordis
417 3513 664 3614 palpitatione
691 3527 728 3582 et
753 3513 941 3610 agrypnia,
970 3509 1072 3598 inde,
1101 3509 1206 3606 meod
1228 3510 1369 3585 cubare
1390 3512 1491 3584 haud
1515 3527 1684 3610 poterat,
1710 3537 1802 3612 pen·

272 3655 406 3742 dente,
432 3649 546 3749 pulsu
571 3669 732 3746 magno,
766 3647 899 3734 celeri,
924 3645 1039 3734 duro,
1065 3644 1132 3718 sed
1157 3646 1321 3744 aequali,
1347 3645 1582 3722 conflictatus
1609 3666 1698 3738 erat,
1723 3650 1804 3726 val·

270 3779 378 3868 vulsa
403 3785 526 3860 cordis
551 3780 768 3856 immobiles
796 3797 834 3852 et
859 3779 1092 3867 ossificatess
1139 3789 1322 3858 sinatus
1347 3791 1400 3876 Β8)
1425 3803 1554 3860 autem
1576 3783 1616 3858 in
1644 3784 1802 3858 homine

273 3924 414 4027 viginti
439 3925 604 4022 quetuer'
625 3941 832 4004 annorum,
859 3915 928 4016 qui
949 3939 1037 3990 oum
1064 3918 1282 3996 vehementi
1307 3921 1430 3998 cordis
1452 3919 1699 4019 palpitatione
1725 3945 1805 4022 grs-

284 4163 538 4194 pun—¹·—

304 4305 349 4380 85)
368 4305 491 4364 Schwed.
511 4303 759 4360 Athanatum.
784 4318 796 4338 ⁸

306 4411 361 4482 86)
378 4412 508 4480 Beitriige
524 4425 548 4462 ι.
564 4406 662 4459 ausos.
683 4409 824 4476 Araneyw.
840 4409 868 4460 li.
887 4407 912 4460 3.
935 4423 962 4476 p.
983 4425 1042 4464 tot.

307 4513 352 4580 87)
374 4513 505 4590 Bep'trs'r'ge
523 4527 546 4562 z.
562 4511 679 4565 Natur-
696 4527 724 4562 u.
749 4513 891 4581 Arzoeyw.
909 4511 960 4564 Tb.
980 4527 1005 4564 a.

308 4615 358 4684 88)
379 4611 518 4668 Aumatt
535 4611 599 4665 cad.
622 4611 777 4682 rogalici.
798 4613 902 4668 deon
919 4609 1075 4668 Krmkeala
1101 4609 1195 4664 Tuo.
