4772 5832
642 1513 1540 1642 Puonuc‘ouauuA.⁴

768 1819 1343 1853 W

998 2048 1216 2148 aa*

290 2189 378 2313 'Ex
401 2214 478 2335 ouo
495 2257 664 2340 tempore
685 2269 808 2342 nuper
824 2243 1034 2317 anatomiae
1051 2241 1312 2340 patbologicae
1325 2240 1412 2338 plus
1430 2235 1566 2328 studii,
1596 2259 1711 2335 quam
1728 2233 1825 2307 olim

293 2375 438 2450 factum
461 2377 760 2473 asthdicatum,
802 2378 1098 2478 diligentiusque
1116 2377 1158 2450 in
1184 2375 1376 2476 extispicia
1401 2393 1640 2478 aegrotorum
1663 2367 1825 2470 inquisi-

288 2497 377 2600 'tum
395 2507 501 2606 fuit„
516 2513 583 2585 vix
608 2513 709 2588 ullus
730 2515 954 2612 reperiatur,
981 2513 1206 2624 quinegarq
1222 2513 1340 2602 ausit,
1365 2512 1650 2613 indagationem
1665 2503 1824 2580 morbo·

291 2669 378 2718 rum
394 2647 641 2740 anatomicam
663 2669 818 2724 naturae
839 2677 970 2752 eorum
994 2647 1277 2749 cognoscendae
1301 2649 1467 2723 multum
1488 2645 1681 2748 profuisse
1710 2641 1822 2716 adeo.

291 2808 363 2880 que
382 2753 649 2881 ⁸‹iiagnoatices
680 2785 908 2860 incrementa
947 2785 1194 2882 promovisse.
1267 2791 1368 2860 Nam
1405 2783 1484 2860 sola
1525 2793 1822 2882 symptomatum

289 2915 416 2989 morbi
446 2917 705 3018 cuiuscunque
731 2921 918 3020 cognitio,
946 2919 1147 3016 ‘neglectis
1181 2917 1459 2986 mutationibus
1483 2919 1689 3006 organicis,
1728 2931 1822 3005 quas

289 3061 539 3144 symptomata
561 3051 626 3114 itta
651 3057 827 3144 gtgnuur,
854 3075 936 3116 non
954 3053 1029 3122 uisi
1045 3047 1243 3122 confusam
1261 3065 1374 3142 atque
1391 3041 1646 3116 inordinatam
1663 3041 1822 3114 morbo·

289 3205 375 3254 rum
398 3157 636 3250 internorum
662 3180 854 3252 scientiam
872 3175 993 3251 efficit.
1048 3183 1170 3276 Quam
1188 3177 1238 3250 ob
1259 3203 1340 3251 rem
1356 3181 1490 3275 Expor.
1516 3155 1654 3253 Fauna
1672 3176 1712 3272 ²),
1743 3201 1820 3249 mo·

290 3317 394 3388 dicus
432 3314 533 3408 inter
567 3313 711 3410 Anglos
745 3313 847 3384 baud
872 3298 1075 3412 ignobilis,
1110 3329 1209 3383 recte
1233 3311 1448 3400 contendit,
1473 3325 1590 3399 tum,
1634 3313 1703 3410 qui
1720 3337 1820 3386 nun·

289 3475 400 3552 quam
421 3450 683 3546 phaenomena
704 3447 880 3520 ,uorbosa
891 3501 903 3534 ,
924 3447 967 3520 in
985 3445 1231 3520 cadaveribus
1248 3446 1385 3536 obvia,
1413 3471 1502 3520 cum
1519 3447 1674 3521 historia
1692 3445 1821 3520 morbi

287 3581 583 3682 comparaverit,
624 3605 707 3654 non
723 3581 800 3654 nisi
825 3582 1028 3680 opiniones
1052 3559 1184 3655 dubias
1207 3599 1319 3681 atque
1341 3583 1503 3658 incertas
1525 3585 1574 3658 de
1596 3581 1683 3658 sede
1702 3594 1818 3682 atquc

285 3719 408 3794 forma
434 3713 558 3786 morbi
591 3716 828 3811 prolaturum
859 3741 951 3794 asse.
1031 3717 1188 3816 Quoties
1214 3717 1368 3808 accidit,
1394 3735 1437 3791 ut
1459 3718 1598 3793 medici
1619 3737 1818 3820 aegrotum

286 3855 389 3928 bunc
405 3851 469 3925 vet
485 3849 595 3920 illum
613 3869 677 3920 aut
693 3851 846 3947 napata,
873 3867 938 3922 aut
958 3853 1083 3937 corde,
1101 3867 1166 3922 aut
1181 3851 1334 3923 cerebro
1350 3853 1523 3926 laborare
1537 3873 1724 3940 statuant,
1751 3853 1819 3951 qui

285 4001 576 4088 postmortem,
604 3985 703 4056 sanis
720 3985 821 4057 hisce
845 3981 1081 4071 visceribus,
1107 4009 1126 4056 e
1144 4009 1250 4058 causa
1268 3985 1417 4084 penitus
1432 3985 1579 4062 diversa
1603 4005 1815 4088 aegrotasse

286 4118 492 4216 reperitur?
514 4119 618 4194 Huic
636 4136 759 4195 autem
775 4137 852 4194 tam
870 4144 987 4221 vagao
1004 4115 1243 4212 coniecturae
1256 4119 1302 4194 de
1320 4135 1417 4196 certa
1435 4138 1548 4222 atqua
1563 4121 1671 4198 finita
1687 4121 1814 4200 morbi

292 4361 526 4388 m·

318 4489 345 4557 a)
362 4485 543 4576 Patbologicai
562 4491 718 4544 aaaearcbas.
744 4493 826 4564 tanay
854 4510 878 4546 ι,
933 4494 978 4547 Oa
1003 4495 1202 4550 nutfotmation
1232 4497 1264 4548 o!
1287 4497 1331 4550 aba
1361 4493 1462 4552 banau
1477 4498 1560 4554 beart.
1589 4495 1708 4552 tanton
1734 4493 1812 4552 abab.

352 4589 414 4644 Cos.
438 4595 514 4649 lt'eus
531 4593 692 4668 &usucap
707 4599 808 4652 aurert.
827 4597 901 4652 Abla.
922 4595 995 4660 raas.
1006 4598 1062 4688 fid.
1080 4600 1104 4653 1.
1121 4599 1164 4656 St.
1182 4597 1207 4654 3.
1229 4601 1260 4654 S.
1276 4599 1337 4672 374.

1407 4679 1449 4784 'a
