4772 5832
851 651 1207 718 ..ης-

276 805 279 812 ¹
366 837 726 918 Statuamus-⁹⁸)
756 829 799 904 in
823 841 930 930 seue,
965 825 1051 926 qui,
1078 825 1119 898 in
1145 823 1271 922 prima
1292 839 1408 896 aetate
1438 825 1790 910 haemorrhoidibus

260 977 478 1062 obnoxius,
505 969 678 1056 duobus,
706 966 775 1065 qui
800 979 964 1038 mortem
994 937 1294 1049 antecesserunt,
1329 959 1439 1034 annis
1465 959 1637 1038 dolorem
1660 969 1702 1042 in
1728 997 1792 1069 pe·

257 1132 360 1192 ctore
380 1112 555 1196 sinistro,
600 1081 891 1205 palpitbtionem
917 1099 1038 1174 cordis
1065 1099 1351 1184 vehementem,
1393 1113 1430 1170 ot
1448 1093 1710 1190 suffocationis
1734 1107 1792 1180 in·

142 1247 145 1254 ⁴
257 1249 380 1324 soltus
397 1267 596 1345 perpessus
619 1259 718 1328 erat,
752 1236 907 1314 videbat
931 1237 1046 1334 hepar
1061 1235 1165 1308 mole
1181 1251 1355 1320 auctum,
1398 1235 1678 1312 contractiones
1704 1243 1792 1330 ooli,

257 1384 332 1457 aeri
358 1383 400 1456 in
428 1379 591 1479 pectoris
617 1376 815 1452 cavitatem
850 1367 959 1446 effusi
991 1371 1146 1457 libram,
1190 1370 1361 1444 valvulas
1384 1368 1474 1470 ostii
1491 1373 1627 1448 venosi
1652 1375 1794 1450 sinistri

245 1491 458 1612 ¹(nritralea)
484 1515 625 1614 partim
645 1509 921 1609 cartilaginosa,
946 1507 1086 1606 partim
1102 1528 1239 1580 osseas.

277 1631 287 1642 ’
358 1659 597 1728 Mrcnaanrs
614 1657 664 1735 ⁹⁹>
686 1644 916 1730 observavit,
943 1637 1431 1738 virumsquadragenarium
1447 1659 1537 1738 post
1557 1669 1792 1746 praegressos

257 1787 471 1864 arthriticos
495 1785 664 1858 insultus
693 1753 914 1857 vehementi
938 1775 1062 1850 cordia
1088 1772 1336 1872 palpitatione
1359 1773 1516 1870 corripi;
1545 1775 1587 1846 in
1610 1781 1716 1854 cuius
1739 1808 1794 1857 ca.

257 1917 394 1998 devere
410 1939 566 2018 uterque
591 1919 726 2016 pulmo
750 1939 835 2006 oum
852 1915 984 2012 pleura
1010 1907 1176 2006 ubique,
1214 1929 1278 1978 cor
1300 1927 1385 1978 cum
1406 1905 1614 2004 pericardio
1641 1935 1794 1990 concre-
1830 1976 1835 1984 .

258 2037 384 2136 verat.
411 2071 448 2126 et
474 2069 618 2150 praeter
646 2052 717 2125 alia
741 2047 917 2126 morbosa
948 2040 1210 2144 phaenomena
1233 2039 1426 2131 valvulae,
1475 2043 1580 2118 ostiis
1604 2051 1793 2126 artetiosis
1882 2114 1889 2120 .

261 2205 497 2288 praetensae,
532 2179 741 2260 ossificatae
762 2201 878 2257 erant.
961 2265 966 2282 Ι

363 2325 535 2396 Rarrrus
561 2327 626 2414 ²⁰5³)
647 2337 857 2418 aegrotam,
886 2315 1164 2416 quinquaginta
1197 2339 1486 2404 strenuorum,
1513 2315 1676 2406 curabat,
1697 2343 1792 2416 quae
1828 2397 1831 2406 ,

261 2473 347 2531 ante
370 2455 568 2528 biennium
591 2479 638 2526 ex
665 2471 805 2528 terrore
824 2453 937 2526 variis
957 2453 1113 2551 spasmis
1131 2475 1218 2526 cum
1236 2453 1417 2548 pertinaci
1436 2453 1514 2526 alvi
1532 2451 1793 2528 obstructione

260 2591 335 2664 fuit
357 2589 528 2664 subiecta.
581 2587 702 2662 Abeo
726 2591 815 2662 inde
833 2607 1001 2686 tempore
1016 2587 1062 2658 de
1081 2587 1278 2658 anxietatis
1300 2611 1421 2670 sensu,
1446 2586 1567 2660 indies
1586 2587 1794 2683 increscen-

259 2743 316 2812 te,
342 2742 570 2820 conquesta,
602 2722 728 2818 'paulo
747 2742 835 2820 post
853 2721 1024 2792 molestis
1044 2719 1354 2818 palpitationibus
1372 2721 1496 2794 cordis
1513 2723 1795 2820 corripiebatur.

262 2863 365 2956 Quae
382 2858 538 2954 quidem
556 2874 805 2953 symptomata
824 2855 918 2926 adeo
934 2854 1210 2944 increverunt,
1255 2874 1300 2928 ut
1317 2875 1353 2926 et
1377 2856 1486 2929 omni
1502 2881 1652 2951 somno,
1667 2883 1800 2960 aegro·

263 3012 324 3066 tus
348 2993 558 3088 privaretur
582 3009 620 3062 et
644 2989 863 3064 convulsivi
887 2987 1010 3062 cordis
1035 2991 1252 3088 palpitantis
1274 3009 1401 3064 motus
1428 2955 1686 3092 elonginquo
1706 3020 1795 3070 con·

264 3127 358 3225 spici
383 3141 551 3222 possent.
604 3125 774 3198 Tandem
802 3123 935 3220 pulsus
957 3125 1214 3200 intemrittens
1242 3124 1374 3213 fiebat,
1413 3143 1451 3198 et
1472 3146 1642 3226 aegrota,
1677 3127 1795 3204 febris

265 3263 428 3334 baeticae
448 3262 488 3332 vi
510 3261 649 3374 sensim
668 3273 896 3346 consumta,
926 3257 1006 3330 fato
1028 3261 1149 3334 cessit.
1203 3261 1377 3333 Sectione
1399 3263 1569 3333 instituta
1593 3264 1795 3361 deprehen·

266 3396 515 3504 dabantur-in
537 3394 701 3469 valvulis
725 3393 848 3467 cordis
872 3393 1018 3484 sinistri
1046 3393 1259 3466 mitrab’bus
1276 3393 1490 3466 rudimenta
1515 3397 1795 3478 ossificationis:

265 3533 440 3608 valvulae
468 3529 711 3602 semilunares
737 3545 862 3602 autem
892 3529 1096 3605 ventriculi
1122 3528 1263 3602 sinistri
1286 3529 1421 3600 maiori
1444 3529 1561 3626 gradu
1593 3552 1698 3606 erant
1724 3537 1795 3610 lae·

266 3691 349 3752 sae,
373 3667 446 3752 ita,
473 3681 517 3736 ut
543 3687 671 3738 aarum
696 3687 771 3736 una
798 3665 978 3738 laminam
1002 3689 1149 3739 osseam
1173 3661 1338 3736 referret.
1389 3663 1565 3762 Reliquas
1590 3693 1610 3740 a
1630 3655 1796 3773 normali

267 3811 367 3878 statu
395 3799 648 3874 aberrationes
668 3799 821 3872 silentio
839 3801 1108 3898 praetermitto.
1160 3805 1191 3880 1.
1209 3825 1293 3874 van
1317 3803 1553 3876 Hannnaarv
1573 3806 1636 3899 ¹⁰¹)
1658 3805 1795 3894 incor-
1858 3855 1864 3862 -

268 3939 314 4011 de
329 3936 543 4010 annosioris
568 3935 757 4024 mulieris,
798 3935 901 4032 quod
926 3941 1221 4012 Bauaatas'srus
1247 3935 1323 4034 ipsi
1345 3937 1391 4008 arl
1417 3935 1692 4033 explorandum
1714 3969 1796 4042 per.

278 4173 512 4196 ffl

303 4297 351 4369 9⁸)
374 4300 448 4350 Neue
468 4287 535 4350 med.
560 4297 630 4351 uitl.
650 4301 679 4352 B.
701 4299 722 4356 Ι.
738 4302 778 4354 St.
800 4317 821 4353 t.
845 4317 871 4368 p.
897 4297 953 4352 182.

305 4399 352 4472 99)
370 4397 451 4452 Coos.
468 4401 569 4452 Herae.
586 4401 675 4454 Ioum.
693 4403 721 4454 B.
743 4402 781 4456 18.
798 4405 838 4456 St.
859 4401 883 4454 3.
912 4419 938 4470 p.
955 4395 998 4450 65.

307 4503 364 4570 too)
386 4501 531 4556 Memorob.
548 4502 611 4554 clt'n.
628 4501 657 4554 Ρ.
675 4503 696 4554 1.
718 4505 780 4556 saec.
799 4521 823 4556 2.

307 4607 369 4674 aot)
387 4605 429 4660 De
450 4593 586 4676 eateogeti.
606 4611 774 4676 praetentat.
795 4607 826 4658 1..
848 4606 876 4656 B.
899 4621 971 4676 ¹797·
991 4621 1017 4670 p.
1038 4614 1098 4654 rao.
