4772 5832
858 650 910 696 ι’-
1016 659 1073 710 11·
1162 641 1226 698 ,ι’-ι’

276 863 364 917 enm
379 837 574 956 dolor-ibris
599 805 866 920 coniunctam,
892 835 933 906 in
948 831 1088 906 iemina
1108 857 1127 905 a
1143 857 1271 912 caussa
1289 833 1474 929 hysterica
1493 833 1688 924 derivavit,
1713 835 1808 912 alio-

237 1001 348 1078 que
376 979 465 1049 loco
495 947 804 1046 commemoravit
837 971 1055 1042 arteriarum
1084 971 1126 1042 in
1157 969 1311 1067 regione
1348 969 1511 1042 cardiace
1539 967 1807 1066 pulsationem·

272 1132 371 1208 quae
387 1117 548 1182 Tasm
567 1105 767 1180 videbatur
790 1105 951 1200 pendere
965 1103 1011 1175 ab
1029 1103 1256 1198 expansione
1272 1129 1453 1178 vasorum
1474 1103 1631 1178 illorum
1661 1105 1808 1212 praeter

269 1261 445 1347 naturam
483 1219 590 1316 iacta.
665 1247 875 1314 Βιιιιιιοι.
918 1245 1223 1312 Μοιιιισιιιιιι
1258 1245 1313 1334 ⁸⁷)
1346 1241 1466 1312 mtdta
1492 1239 1808 1352 commemoravit

271 1396 545 1476 symptomata,
573 1401 669 1474 quae
687 1399 734 1448 ex
749 1373 990 1471 idiopathicis
1013 1371 1136 1444 cordia
1151 1373 1254 1446 vitiis
1272 1375 1398 1446 solent
1424 1371 1526 1445 oriri.
1574 1373 1638 1445 sic
1664 1395 1712 1446 ex
1736 1397 1807 1446 nte·

271 1515 439 1586 trementi
457 1513 704 1614 palpitatione
722 1509 847 1582 cordis
877 1525 914 1580 et
937 1531 1106 1604 symeope
1126 1531 1213 1580 cum
1231 1510 1346 1603 pulsu
1364 1509 1527 1580 tremulo
1545 1525 1708 1580 mortem
1739 1507 1807 1580 ob·

275 1647 443 1724 serravit
465 1645 722 1730 subitaneam,
758 1606 984 1736 causamqtie
1009 1644 1090 1715 eius
1116 1639 1303 1739 quaesivit
1324 1641 1364 1710 in
1390 1641 1545 1714 materia
1564 1641 1717 1714 aliena'
1706 1658 1807 1714 mter

271 1805 338 1856 cor
354 1797 391 1852 et
406 1779 656 1876 pericardium
674 1779 843 1863 collecta,
871 1801 966 1876 quae
985 1777 1188 1848 diastolen
1177 1791 1316 1846 rustam
1328 1773 1452 1845 cordis
1470 1771 1679 1868 impediret.
1725 1773 1808 1848 Ob·

270 1916 435 1988 servavit
449 1929 637 2011 praeterea
657 1889 813 2012 pulsum
839 1911 1029 1983 dicrotunt
1049 1925 1086 1980 et
1101 1907 1306 1982 tremulum
1333 1932 1378 1980 ex
1396 1905 1494 2032 vitio
1517 1905 1640 1981 cordis
1657 1909 1806 2010 organi·

271 2064 320 2118 eo
331 2099 340 2132 ‚
377 2048 446 2142 qui
466 2048 641 2119 timorem
658 2049 732 2144 ipsi
748 2048 884 2120 mortis
908 2044 1124 2118 subitaneae
1141 2043 1278 2118 movit.

315 2178 445 2250 ·Sed
470 2179 627 2252 demum
653 2197 811 2252 exeunte
838 2181 912 2254 hoc
936 2181 1064 2276 secolo
1082 2181 1182 2252 ditae
1195 2177 1478 2254 observationes
1503 2177 1805 2256 osaificat'ionum
1883 2269 1887 2276 Ι

276 2316 317 2388 'm
334 2315 447 2388 corde
463 2317 681 2400 occurrunt,
697 2339 802 2412 quas,
845 2315 957 2386 huius
976 2313 1120 2412 generis
1144 2315 1296 2412 primas,
1332 2315 1468 2388 celebri
1495 2323 1733 2390 Brattvnnno
1754 2323 1804 2410 ¹⁰)

271 2451 421 2524 medico
445 2450 689 2536 Florentino,
726 2447 929 2535 debemus,
968 2451 1033 2548 qui
1051 2474 1123 2522 suo
1148 2449 1264 2544 ipsius
1287 2451 1459 2546 exemplo
1475 2451 1569 2523 alios
1585 2451 1633 2522 ad
1648 2449 1806 2550 diligen·
1920 2501 1922 2508 ·

272 2605 329 2659 ter
353 2585 585 2660 observanda
609 2559 783 2660 morbosa
801 2585 970 2682 eorporis
990 2585 1146 2658 humani
1165 2587 1425 2682 phaenomena
1444 2583 1621 2660 excitavit
1639 2587 1804 2682 hincque

272 2703 483 2796 anatomiae
514 2717 777 2816 pathologicae
804 2721 950 2816 primus
985 2736 1104 2791 stator
1123 2719 1326 2816 ‘nominari
1347 2713 1501 2816 meruit,
1548 2727 1595 2794 ln
1623 2719 1805 2794 cadavere

272 2871 412 2953 nempe
429 2855 613 2958 bominis,
633 2951 635 2958 Ι
655 2855 721 2951 qni
746 2877 812 2950 per
833 2852 1005 2924 triduum
1031 2851 1360 2928 vehementissima
1386 2851 1491 2926 febre
1512 2855 1804 2934 inflammatoria
1836 2879 1837 2882 ’

275 3015 363 3062 cum
388 2991 557 3061 anhelitn
576 3003 624 3084 'et
647 2989 828 3062 asthmata
849 2985 1108 3078 laboraverat,
1142 2993 1325 3064 callosum
1342 2989 1383 3062 in
1409 2990 1625 3064 ventriculo
1647 2991 1803 3080 sinistro

272 3123 421 3197 invenit
444 3142 578 3219 corpus
595 3119 705 3192 nucis
719 3118 993 3220 magnitudine,
1019 3117 1268 3220 quodesia
1289 3125 1315 3200 1.
1331 3149 1361 3198 c.
1384 3151 1422 3222 p.
1449 3140 1506 3210 18·
1520 3151 1591 3228 pro
1613 3130 1800 3226 polyposa
1912 3143 1915 3150 '

273 3257 531 3342 concretione,
559 3279 579 3327 e
597 3279 678 3327 mea
697 3243 849 3352 quidem
867 3257 1071 3344 sententia,
1097 3257 1194 3374 hand
1212 3275 1310 3334 recte
1332 3260 1487 3343 babuitt
1515 3261 1609 3334 milri
1625 3263 1726 3335 enim
1745 3287 1815 3335 oss.
1911 3225 1917 3240 ’

254 3391 426 3500 Ιειῖιιιιίο
443 3389 572 3486 potius
591 3387 708 3462 fuisse
721 3391 886 3480 videtur,
913 3413 1010 3488 quac
1025 3393 1151 3466 etalio
1171 3395 1212 3466 in
1234 3413 1386 3494 aegroto
1399 3369 1536 3482 adfuit,
1558 3397 1666 3468 cuius
1683 3399 1799 3468 histo·

270 3527 366 3600 riam
399 3523 659 3597 brevissimam
683 3531 919 3599 Lrnnrton.
946 3527 971 3599 t
997 3549 1094 3600 eex
1124 3531 1354 3606 traxeram
1383 3533 1519 3604 attulit
1589 3531 1735 3604 Scilicet
1759 3531 1799 3602 in
1910 3560 1917 3569 ·

268 3662 354 3738 viro
377 3659 620 3732 consistentis
636 3659 785 3759 aetatis,
812 3663 880 3758 qui
902 3687 969 3758 per
982 3665 1127 3739 multos
1146 3685 1268 3740 annos
1285 3665 1410 3740 cordis
1426 3666 1674 3764 palpitatione
1697 3665 1802 3762 labe-

271 3811 435 3890 reverat,
472 3793 660 3892 cuiusque
671 3793 804 3892 pulsus
820 3815 882 3864 sex
899 3815 985 3870 ante
1010 3797 1159 3872 obitum
1185 3799 1383 3875 mensibus
1421 3803 1529 3899 quasi
1559 3801 1798 3874 oblitteratua

267 3927 360 4013 fuit,
386 3929 524 4000 callum
548 3929 594 4001 ad
619 3953 766 4004 osseam
789 3929 967 4004 duritiem
991 3935 1246 4023 accedentem,
1287 3936 1424 4032 reperit
1446 3936 1487 4008 in
1505 3937 1636 4036 arteria
1652 3959 1801 4035 magna,

270 4048 359 4136 lbra
376 4061 483 4134 cordi
505 4063 694 4161 proximo.

270 4281 512 4306 m

305 4414 352 4479 ²7)
376 4409 474 4464 Consil.
496 4409 548 4460 tto.
568 4409 625 4462 aad.
642 4412 689 4466 fol.
715 4412 772 4468 146.
791 4426 816 4466 tt
835 4415 887 4466 llo.
907 4409 965 4464 266.
985 4413 1031 4462 sol.
1054 4409 1114 4464 300.
1131 4411 1174 4466 ed.
1193 4413 1286 4466 vana.
1315 4413 1392 4470 rtet.

301 4515 353 4585 ab)
370 4517 413 4570 Dr
427 4511 491 4568 abd.
507 4511 589 4570 med.
607 4533 682 4568 caue.
699 4517 754 4598 obs.
772 4518 882 4572 ms.
902 4529 929 4570 et
948 4517 1020 4585 apud
1041 4517 1182 4570 Lteuttutt.
1198 4519 1229 4572 t.
1246 4519 1281 4571 ll.
1299 4521 1355 4571 obs.
1378 4518 1438 4573 563.

1327 4627 1407 4698 Ba
