4772 5832
1149 575 1512 644 'eu-22·-

564 765 668 840 ·viter
690 757 912 859 spiraverat,
936 781 1001 832 cor
1016 761 1183 852 enormis
1210 757 1494 860 magnitudinis,
1518 759 1766 860 valvulesqu'e
1784 761 1952 838 mitrcles
1975 787 2104 838 osseca

571 899 735 982 invenit.
808 893 971 1000 Easdem
1003 898 1178 974 valvulis
1213 921 1363 994 osseam
1389 895 1542 996 penitus
1568 914 1742 972 naturum
1776 898 1959 988 induisse,
1982 899 2101 974 semel

573 1033 791 1115 observavit
816 1037 1027 1108 Dtenztus
1059 1040 1124 1124 89).
2043 1041 2049 1052 ’

635 1231 639 1236 .
670 1177 984 1272 Sanmeonmus
1003 1175 1054 1266 ⁹⁰)
1081 1169 1413 1272 memma-notatu
1434 1153 1547 1268 digna
1574 1139 1817 1267 velaularuen
1833 1168 1957 1243 cordis
1981 1167 2106 1242 omni·

575 1333 641 1384 um
663 1305 825 1380 omnino
848 1302 1118 1382 ocsificatarum
1144 1305 1313 1380 attolite
1339 1303 1583 1380 cadaveribus
1617 1302 1817 1399 juniorum
1844 1329 1960 1402 neque
1984 1290 2029 1378 ec*
2049 1325 2106 1378 ee·

574 1446 739 1522 niorum.
815 1446 1070 1516 Laeesonus
1103 1463 1216 1542 atque
1243 1449 1479 1519 Poeninus
1501 1445 1552 1535 ⁹¹)
1579 1442 1717 1514 multas
1739 1440 1963 1523 §astuterunt
1990 1438 2106 1512 diste·

575 1581 719 1656 ctionea
752 1575 955 1648 memoriae
987 1579 1258 1674 prodiderunt,
1313 1601 1409 1678 quae
1440 1573 1717 1652 ossifioctiones
1743 1575 1787 1650 in
1810 1572 1923 1650 corde
1949 1571 2107 1676 eiusque

573 1713 740 1796 valvulis
762 1705 925 1782 adfuisse
952 1714 1172 1786 ostendunt.
1534 1801 1538 1808 .
1818 1723 1822 1728 “

678 1850 983 1924 Menaccnntus
1010 1849 1061 1956 θ’)
1096 1849 1138 1922 in
1174 1847 1353 1924 cadavere
1379 1847 1503 1936 senis,
1548 1848 1616 1944 qui
1640 1872 1660 1920 s
1687 1845 1806 1941 longo
1826 1842 1918 1918 inde
1939 1857 2110 1938 tempore

579 1979 724 2060 calculo
749 1977 1006 2068 laboraverat,
1033 1981 1159 2056 subito
1184 1995 1316 2080 postea
1342 1982 1517 2068 extincti,
1557 1981 1730 2056 valvulea
1753 1977 1995 2056 semiluneres
2018 2001 2113 2052 vene

578 2116 706 2192 triculi
733 2113 858 2186 eordis
885 2113 1027 2203 sinistri
1053 2118 1258 2204 ossificetes
1281 2115 1430 2214 reperit,
1476 2117 1556 2190 'Sic
1580 2134 1616 2190 et
1639 2120 1838 2190 Snoauus
1864 2121 1914 2217 ⁹3)
1934 2113 2108 2192 valvulas

567 2251 729 2350 ¹easdem
755 2249 796 2320 in
823 2245 964 2324 femina
1002 2275 1047 2342 30
1074 2277 1286 2340 annorum,
1323 2254 1369 2328 de
1403 2253 1491 2326 alvo
1523 2277 1589 2348 per
1613 2269 1703 2325 octo
1730 2252 1804 2326 iem
1831 2239 1910 2324 dies
1943 2264 2110 2334 cruente,

582 2365 793 2467 tornunoee
815 2401 854 2458 et
878 2385 968 2476 cita,
993 2403 1031 2462 et
1054 2388 1120 2466 ille
1140 2388 1369 2464 subsistente
1395 2387 1441 2462 de
1462 2405 1641 2486 quernus
1663 2387 1798 2462 oborta
1810 2439 1822 2476 ,
1849 2401 1887 2458 et
1906 2383 2113 2462 abdomine

581 2525 857 2600 intumescente
883 2541 1107 2622 conquesta,
1133 2524 1203 2598 ubi
1227 2525 1269 2598 in
1285 2527 1426 2600 lectum
1453 2548 1493 2600 se
1515 2521 1926 2610 'reclinaverat'subito
1946 2540 2110 2608 mortua,

584 2681 744 2744 orasses,
771 2655 907 2754 partim
934 2659 1208 2760 cartilagineas,
1233 2661 1371 2759 partim
1390 2685 1481 2737 vero
1510 2661 1591 2734 eius
1618 2678 1774 2734 naturae
1784 2711 1794 2746 ,
1829 2682 1923 2756 quae
1943 2658 2043 2732 inter
2067 2679 2110 2730 os
2192 2701 2197 2708 ·

586 2812 623 2868 et
648 2791 903 2890 cartilaginem
929 2791 1105 2896 ambigit,
1145 2821 1278 2894 porum
1305 2785 1468 2870 mobiles
1503 2813 1541 2869 et
1566 2796 1836 2896 sceui-hiantes
1861 2789 2112 2890 deprehendit.

585 2935 646 3008 Ea
673 2929 745 3000 hoc
772 2917 1012 3004 valvuleruin
1038 2931 1134 3008 vitio
1153 2948 1191 3004 ct
1217 2933 1442 3008 osaeacentia
1468 2930 1646 3030 principii
1672 2946 1818 3016 nortae,
1862 2926 2001 3028 quibua
2028 2947 2113 2998 atn-

587 3065 692 3164 guis,
736 3063 932 3160 copiosius
956 3090 1003 3138 ex
1025 3067 1210 3140 scelerum
1233 3067 1417 3142 adscensu
1438 3066 1485 3140 ad
1506 3091 1570 3138 cor
1595 3065 1793 3138 sinistrum
1810 3063 1993 3145 deletum,
2026 3079 2114 3156 pro·

586 3199 679 3296 pelli
704 3197 860 3272 ulterius
887 3197 989 3274 haud
1016 3217 1187 3296 poterat,
1231 3201 1377 3278 derivat
1406 3206 1601 3277 sinemus
1636 3199 1802 3273 subitam
1830 3195 1992 3276 feminee
2013 3215 2114 3264 mor·

587 3349 677 3408 tem.
718 3333 877 3408 ¹Similes
903 3333 1189 3412 observationes
1212 3337 1486 3414 Aaennnmato
1501 3343 1566 3426 ⁹⁴),
1590 3341 1828 3414 nonnemo
1846 3319 1905 3422 ⁹⁵¹),
1927 3333 2116 3422 Stntttott·

590 3494 651 3544 ato
670 3467 717 3566 ⁹⁶)
742 3484 779 3542 et
799 3473 1019 3548 Wennoeto
1039 3477 1086 3560 ⁹⁷)
1105 3471 1298 3556 debemus,

595 3669 890 3692 w

626 3777 674 3848 89)
695 3776 1053 3858 anonomaston.
1076 3781 1161 3836 Gieea.
1182 3783 1257 3856 1781.

628 3875 675 3948 9⁰)
694 3877 802 3934 Obeen.
819 3889 895 3934 anot.
907 3881 1015 3952 pathol.
1034 3883 1081 3936 lib.
1103 3885 1125 3936 1.
1145 3903 1172 3954 p.
1191 3904 1224 3940 22
1241 3907 1282 3956 aq.

628 3979 881 4054 91>vitsammt
900 3983 999 4038 anseri.
1021 3987 1095 4040 Abte
1104 3987 1132 4062 s
1145 4007 1189 4060 pr.
1210 3989 1318 4047 Acme.
1340 3989 1369 4042 B.
1391 4005 1431 4076 aa.
1451 3999 1457 4008 '

627 4081 677 4150 92)
694 4083 806 4148 Italico.
826 4085 957 4140 Biblioth.
973 4105 998 4140 t·
1015 4087 1114 4140 Konna
1136 4106 1164 4144 u.
1181 4093 1306 4147 thwttt..
1323 4094 1354 4144 B.
1376 4111 1401 4145 2.
1418 4109 1445 4162 p,
1467 4089 1525 4146 182.

630 4176 678 4248 93)
696 4183 763 4234 ttae.
782 4185 911 4240 medendi.
933 4189 984 4243 To.
999 4188 1022 4242 1.
1044 4188 1104 4244 252.

630 4277 679 4347 94)
700 4281 762 4336 Vid.
779 4285 966 4344 Medico-ebir.
987 4293 1190 4347 Tramoetiem.
1207 4293 1270 4348 vot.
1288 4293 1310 4348 Ι.
1331 4311 1358 4363 p·
1378 4287 1422 4344 δυ.

633 4377 681 4450 95)
698 4383 780 4438 Me'm.
798 4387 831 4442 dc
851 4387 950 4442 I'aeod.
967 4391 1001 4443 de
1017 4395 1112 4447 ecienc.
1132 4394 1207 4466 1735.
