4772 5832
877 631 1236 699 ..31⁵-

283 793 532 898 solummodox
548 838 567 888 a
583 825 766 912 provecta
781 817 900 888 aetate
917 809 1100 908 pendere,
1132 807 1198 880 sed
1218 805 1261 882 its
1284 801 1503 886 iunioribus
1521 795 1744 912 torporibus
1760 845 1820 896 ae·
1890 831 1895 853 ¹

283 937 360 1056 isus
374 953 613 1068 frequentem
629 971 729 1034 esse,
750 943 848 1018 acin
866 945 1082 1020 senioribus
1103 945 1245 1024 statuit.
1297 951 1578 1022 Convrssnrus
1597 955 1662 1050 ¹⁸⁰)
1690 971 1817 1032 autem
1892 917 1897 930 .
1923 963 1926 970 “

283 1108 412 1190 putat,
437 1087 646 1164 transitum
658 1081 839 1158 fibrarum
853 1079 1128 1176 mustulsrium
1145 1097 1184 1154 et
1205 1079 1332 1156 cordis
1348 1083 1592 1158 valvularuns
1608 1085 1651 1162 in
1674 1095 1818 1170 cartila-
1891 1076 1896 1084 ¹

281 1229 459 1328 ginessm
482 1241 548 1298 eut
578 1243 726 1300 osseam
750 1216 1001 1346 substentiam
1027 1215 1125 1290 nihil
1155 1213 1396 1320 aliudesse,
1432 1243 1545 1314 quarn
1568 1223 1818 1306 intensiorem

283 1363 578 1438 conclamationis
596 1356 776 1456 gradum,
821 1353 889 1454 qni
919 1377 1007 1426 cum
1034 1337 1252 1428 beandune
1274 1345 1496 1428 nuttitionis
1524 1353 1567 1430 in
1592 1361 1706 1434 corde
1730 1388 1819 1438 con·

283 1497 437 1570 iunctus
453 1495 523 1584 sit;
563 1517 724 1590 eumque
736 1489 871 1564 iisdem
887 1488 1031 1562 caussis
1055 1513 1164 1562 suam
1186 1487 1374 1586 originem
1388 1489 1548 1582 debere,
1591 1516 1686 1591 quae
1704 1487 1818 1572 ansul

284 1652 406 1724 rysma
430 1590 592 1700 efficiant
615 1625 800 1711 activum,
840 1622 945 1696 euius
970 1621 1171 1718 descriptio
1196 1647 1323 1698 veram
1349 1624 1580 1698 substantiae
1605 1629 1730 1704 cordis
1759 1633 1817 1704 in·

283 1759 581 1838 flamtuatiouesn
603 1755 807 1854 indigitet-
842 1755 1043 1832 Rationem
1061 1755 1185 1840 anim,
1220 1777 1320 1853 quse
1342 1759 1441 1830 inter
1463 1758 1545 1833 vim
1569 1779 1609 1834 et
1628 1768 1818 1864 energiam

183 1983 189 1992 ,
284 1895 464 1972 fibrarum
486 1889 631 1977 cordis,
654 1907 912 1986 vasorumque
930 1885 1574 2004 dimensores'intercedere'debet,
1614 1895 1818 1998 alegitima
1934 1884 1959 1998 ’ἱ

286 2030 457 2104 recedere
469 2045 629 2112 nortus,
655 2049 733 2121 qno
753 2022 838 2112 fist,
861 2028 905 2094 u't
923 2021 1076 2120 sanguis
1092 2021 1234 2096 diutius
1253 2023 1426 2098 in'oorde
1442 2021 1659 2121 retinesitur,
1687 2035 1819 2112 huius.
1927 2017 1931 2030 '

219 2136 223 2144 ¹
290 2187 364 2262 que
381 2161 536 2236 visceris
550 2157 664 2260 fibrae
683 2176 859 2232 extensae
874 2141 1070 2254 longidres
1098 2155 1324 2266 reddantur,
1361 2163 1515 2239 materis
1529 2167 1685 2242 nutritis
1703 2171 1818 2246 simul

287 2297 426 2378 maiori
447 2296 489 2368 in
508 2294 614 2392 copia
632 2319 653 2366 a
673 2285 1016 2368 minimis'arterise
1040 2293 1261 2368 coronarias
1277 2295 1388 2373 ramis
1410 2263 1577 2379 adveatu.
1628 2309 1816 2380 Brcusro

289 2440 549 2508 et'Basstono
578 2428 720 2504 accedit
740 2426 783 2502 in
807 2424 942 2500 eodem
966 2423 1232 2502 ossiiieationis
1256 2429 1449 2506 abnormis
1470 2413 1734 2530 phaenomeno
1753 2467 1820 2515 ax·
1847 2404 1852 2420 ⁸
1928 2503 1937 2520 ,

285 2566 464 2666 plicando
481 2573 618 2640 Taena
639 2559 1166 2660 ¹⁵⁹),quiiniudamns'etiene
1186 2566 1267 2640 sola
1282 2557 1500 2671 proximant
1523 2571 1651 2646 omnis
1674 2593 1821 2674 praeter
1844 2623 1850 2648 t
1943 2548 1946 2556 .

286 2719 463 2774 naturam
492 2702 535 2772 in
557 2665 714 2797 duspurc
736 2699 890 2771 animali
910 2697 1165 2796 contingentis
1181 2703 1403 2808 mutationis
1418 2729 1589 2780 caussam
1613 2709 1821 2807 repositam
1860 2687 1869 2710 ’

290 2859 371 2910 esse
396 2833 539 2908 statuit.
592 2840 697 2933 Quae
726 2829 880 2930 quidem
903 2833 1091 2905 sententia
1119 2855 1208 2904 aum
1233 2829 1347 2906 effato
1369 2839 1497 2936 magni
1519 2845 1820 2934 Hsseocnsrrs,

291 2995 371 3068 quo
394 2991 528 3042 omnes
555 2967 717 3067 onsnino
736 2965 889 3041 morbos
910 2965 958 3040 ab
981 2989 1060 3040 una
1083 2967 1291 3065 eaden'sque
1316 2993 1445 3045 caussa
1463 2947 1627 3071 bendere
1650 2976 1822 3056 adfirma-

289 3106 373 3194 bat,
398 3125 571 3202 magnam
594 3097 708 3176 habet
731 3099 1035 3182 similitudinem.
1100 3101 1444 3180 Inflammationem
1472 3127 1601 3184 autem
1624 3109 1758 3186 dividit
1780 3117 1822 3192 in

291 3265 416 3316 rerem
432 3263 474 3312 ec
491 3236 681 3335 spuriam,
723 3259 812 3308 cum
829 3237 941 3308 huius
957 3217 1106 3311 occ'ulta
1132 3257 1171 3312 et
1198 3237 1307 3335 origo
1322 3256 1360 3310 et
1383 3265 1631 3339 progressus,
1679 3247 1821 3327 doloris

295 3373 462 3452 absentia
480 3387 517 3444 et
535 3369 735 3466 dispositio
756 3372 871 3468 partis
888 3368 1055 3444 adiectae
1065 3419 1078 3460 ‚
1110 3371 1335 3444 abnormem
1351 3391 1542 3448 sructurae
1564 3362 1822 3458 conditionem

224 3477 228 3484 Ι
294 3505 536 3592 adsumendi,
563 3504 728 3578 maxime
744 3508 918 3602 opposite
933 3507 1012 3580 sint
1025 3504 1238 3580 intensioni
1253 3503 1393 3578 virium
1408 3525 1445 3579 et
1458 3509 1561 3582 nisui
1585 3533 1708 3608 novas
1735 3544 1822 3614 pro·

296 3643 456 3720 ducendi
472 3657 608 3738 partes,
633 3640 674 3712 in
689 3645 778 3732 vera
793 3639 1091 3715 inflammatione
1106 3633 1378 3740 praesentibus.
1429 3643 1543 3718 Adeo
1562 3648 1664 3721 lente
1677 3651 1824 3730 inflam-

294 3775 413 3852 matio
434 3775 560 3873 spuria
574 3773 814 3873 pregreditur
828 3775 872 3846 in
895 3791 1001 3872 parte
1017 3775 1187 3872 eorporis
1204 3775 1331 3848 nostri
1345 3775 1510 3869 adfecta,
1536 3799 1581 3855 ut
1595 3784 1674 3858 eius
1691 3813 1711 3860 a
1733 3814 1824 3866 cou-

297 3913 440 3988 ditione
454 3909 617 4024 normali
635 3909 819 3984 discessus
838 3933 966 4010 neque
982 3911 1030 3982 ab
1052 3929 1204 4010 aegroto
1214 3963 1227 3998 ,
1249 3935 1375 4006 neque
1391 3937 1411 3984 a
1429 3917 1576 3991 medico
1593 3917 1834 3996 animadverae

297 4066 409 4120 tatur.
459 4020 778 4120 Inflammatorius
793 4067 990 4143 processus
1004 4045 1046 4116 in
1061 4045 1215 4118 occulto
1232 4047 1341 4141 quasi
1362 4047 1493 4120 locunt
1516 4051 1650 4142 habet,
1671 4057 1827 4130 sensim·

294 4208 373 4284 vque
394 4205 439 4254 eo
458 4179 630 4280 procedit
647 4181 926 4272 vehementiae,
963 4197 1010 4254 ut
1032 4178 1224 4254 interdum
1241 4177 1380 4252 morbo
1395 4183 1568 4260 sensibili
1581 4187 1692 4264 adfici
1714 4207 1824 4288 atque

300 4380 575 4418 μ...-

338 4519 400 4590 sss)
416 4521 469 4572 Sar
484 4513 525 4570 les
544 4513 679 4568 melodias
694 4531 789 4586 ergon
810 4517 848 4568 da
866 4531 946 4570 sosas
961 4527 1011 4572 ets.
1044 4517 1127 4574 Gens.
1141 4515 1253 4574 soant
1267 4515 1370 4572 osssrl.
1384 4513 1459 4578 Aba.
1476 4521 1505 4574 B.
1522 4541 1563 4576 22.
1582 4539 1608 4592 p.
1633 4521 1690 4576 stt.

342 4621 403 4694 139)
426 4619 511 4676 Urbes
529 4621 574 4674 ds'e
595 4615 716 4672 arants.
733 4615 760 4668 d·
781 4617 909 4668 Heraens.
