4772 5832
1149 531 1154 552 l
1531 537 1540 546 ι

1156 583 1166 606 ι,
1316 579 1356 596 en

1144 615 1198 636 ··‘
1300 601 1347 668 34
1449 609 1539 638 ··'

1256 687 1274 702 ιι.
1563 677 1622 718 ‘¹

530 783 661 867 detur
675 781 794 886 magis
808 779 955 883 legibus
968 779 1192 867 convenire,
1217 781 1357 878 quibus
1372 781 1494 854 solent
1507 777 1648 853 similes
1670 801 1867 878 processus
1886 781 1927 856 in
1949 799 2082 858 nature

548 888 863 1023 inorganicaregi.
915 917 959 990 Id
982 915 1249 992 observatione
1269 939 1423 1016 quoque
1436 911 1695 1004 confirmatur,
1719 942 1805 1015 qua,
1819 893 2083 1013 oteramus)

505 1098 507 1106 r
549 1058 878 1142 etBarcmao⁸⁶⁰)
905 1053 1078 1142 testibus,
1103 1054 1147 1127 in
1160 1051 1397 1140 bominibus,
1412 1075 1580 1148 quorum
1601 1069 1701 1126 aetas
1721 1055 1999 1153 sexagesimum
2021 1079 2104 1138 anm,

547 1219 646 1272 nram
672 1191 852 1278 excessit,
897 1187 978 1264 fere
1004 1153 1184 1264 omnibus
1210 1187 1397 1263 eiusmodi
1429 1187 1613 1283 producta
1637 1186 1819 1265 morboso
1844 1191 1932 1298 plus
1955 1191 2084 1264 minus
2140 1195 2148 1209 “

549 1353 725 1432 apparare
748 1339 907 1400 constat.
986 1323 1102 1397 Cuius
1125 1323 1280 1421 quidem
1303 1323 1559 1422 phaenomeni
1592 1345 1726 1398 caussa·
1754 1325 1869 1396 baud‘
1889 1323 2002 1420 dubie
2042 1325 2086 1398 in
2154 1394 2158 1403 ,
2215 1295 2230 1316 “

552 1463 725 1564 partibus
749 1460 828 1533 illis
855 1457 1073 1556 quaerenda,
1093 1478 1168 1545 est,
1209 1483 1304 1558 quae
1329 1459 1372 1534 ln
1397 1457 1594 1556 sanguinis
1618 1457 1810 1532 mixtione
1834 1460 1999 1555 reliquas
2025 1483 2087 1532 su·

551 1613 698 1698 perant.
776 1599 913 1692 Neque
949 1615 1041 1667 vero
1076 1591 1185 1666 aliter
1219 1591 1468 1666 iudicandum
1492 1601 1575 1666 esse
1599 1593 1752 1690 videtur
1778 1593 1824 1666 de
1864 1594 2084 1666 hereditaria
2143 1605 2148 1617 '

550 1733 837 1808 nonnullorum
866 1728 914 1800 ad
946 1749 1128 1805 vasorum
1163 1725 1457 1801 ossilicationern
1483 1726 1743 1824 dispositione,
1769 1729 1877 1802 cuius
1903 1731 2085 1826 exempla,

470 1960 475 1969 Ι
507 1937 509 1944 ,
551 1885 700 1970 praeter
723 1869 1024 1938 Hantcrortunr
1051 1863 1138 1954 ¹⁶¹),
1179 1861 1405 1936 venerabilis
1435 1885 1553 1934 senex
1577 1867 1704 1936 Para.
1737 1869 1950 1941 Parnasus
1975 1865 2020 1938 in
2041 1865 2099 1936 il·-

550 1999 779 2080 lustrissima
800 1993 945 2068 familia
971 1995 1190 2092 Principum
1215 1995 1442 2070 Baniensium
1468 1966 1690 2072 observavit
1717 2035 1770 2054 -··
1820 1999 1966 2087 Aliam,
1989 2023 2087 2074 ram·

553 2161 632 2238 que
652 2157 734 2206 non
760 2131 887 2204 minus
909 2151 1066 2228 gravem
1092 2155 1262 2204 caussam
1287 2131 1556 2224 ¹ossilicatiouis
1587 2145 1698 2228 atque
1720 2131 1881 2206 litlriasis
1907 2135 1949 2206 in
1971 2135 2087 2208 corde

554 2277 821 2348 Knarsststus
857 2261 1145 2363 deprehendisse
1175 2263 1250 2336 sibi
1284 2263 1433 2338 videtur
1474 2265 1517 2336 in
1555 2286 1726 2362 processu
1771 2263 2085 2364 inflammatoris,

535 2405 662 2516 xcuius
686 2385 841 2474 effecms
867 2398 989 2482 maior
1013 2397 1188 2471 rninorte
1216 2381 1474 2472 exsudationis
1507 2397 1647 2498 gradus
1673 2400 1740 2488 sit,
1774 2403 1972 2498 plasticam
1993 2405 2097 2498 lym·-

550 2543 671 2641 pham
692 2551 758 2606 aut
778 2533 821 2606 iu
842 2527 1095 2630 superficiem,
1122 2537 1190 2636 etit
1211 2532 1255 2603 in
1277 2533 1477 2606 interstitia
1499 2536 1666 2632 pertitam
1690 2532 2007 2610 inflammatarum
2029 2537 2087 2610 ef·

499 2733 506 2754 .
550 2669 763 2754 fundentis.
814 2665 933 2740 cuius
950 2664 1106 2760 quidem
1126 2667 1302 2740 materies
1316 2667 1394 2740 nisi
1409 2671 1598 2768 resorptio
1618 2673 1750 2745 locum
1766 2667 1912 2758 habeat,
1929 2665 2102 2772 superb„

554 2800 903 2884 ciesteeeinvicem
915 2799 1181 2899 contingentes
1195 2820 1449 2890 concrescent,
1476 2821 1514 2878 et
1525 2791 1660 2902 partes,
1687 2827 1849 2904 quarum
1872 2806 2084 2884 interstitiis

553 2930 711 3042 lympha
732 2937 879 3012 inclusa
904 2935 1043 3022 haeret,
1066 2933 1336 3024 obdurescent,
1371 2961 1445 3011 nec
1467 2937 1624 3014 dubium
1647 2957 1728 3027 est,
1756 2940 1852 3037 quin
1874 2957 1912 3014 et
1937 2963 2087 3018 osseam

554 3095 733 3160 naturam
765 3071 963 3146 adsumere
1000 3071 1167 3168 possint,
1192 3069 1312 3144 modo
1347 3071 1501 3168 lympha
1526 3089 1645 3144 terrae
1675 3075 1861 3146 calcareas
1898 3075 2087 3150 alvearia

556 3221 660 3314 Quae
686 3229 775 3282 cum
799 3203 853 3278 ita
878 3205 978 3292 sint,
1009 3201 1123 3276 facile
1148 3197 1391 3300 intelligitur,
1420 3231 1504 3306 qua.
1520 3205 1666 3302 ratione
1690 3211 1954 3282 musculorum
1977 3212 2088 3286 selre-
2153 3230 2158 3241 ·

554 3361 698 3424 metttes
724 3361 853 3416 motus
879 3342 921 3412 in
948 3335 1171 3410 hominibus
1196 3325 1313 3434 aeque
1327 3363 1369 3412 ac
1391 3341 1549 3438 reliquis
1573 3341 1797 3416 animalibus
1822 3344 1980 3416 illorum
2005 3339 2089 3420 ten·

556 3481 767 3576 diuumque
790 3473 1019 3574 rigiditatem
1044 3495 1250 3568 veramque
1277 3471 1569 3550 ossilicationem
1594 3477 1814 3574 producant.
1865 3475 2089 3556 Inflamma-

555 3620 705 3692 t'ionem
729 3628 857 3696 autem
882 3631 993 3706 saepe
1017 3606 1280 3680 irrduratarnna
1304 3607 1431 3682 cordis
1462 3613 1705 3686 valvularum
1731 3635 1905 3687 caussam
1926 3615 2088 3690 euadere

551 3735 810 3828 'mtiuimum
836 3759 913 3830 est,
948 3765 1037 3816 cum
1063 3739 1215 3827 “dms
1247 3766 1408 3838 quacum
1431 3763 1615 3822 structure
1640 3745 1817 3820 subtilior
1846 3771 1954 3846 saepe
1976 3751 2091 3824 vehe-

556 3885 679 3962 menti
704 3880 879 3980 appulsui
904 3877 1101 3977 sanguinis
1121 3851 1406 3974 impet-uesicas
1432 3883 1657 3978 exponitur,
1698 3904 1747 3953 ex
1770 3883 1840 3956 bec
1865 3883 1947 3981 ipsa
1970 3887 2090 3962 irrite·

557 4025 666 4098 tione
686 4014 903 4092 mechanica
926 4009 1268 4088 inflammationem
1290 4011 1418 4088 subire
1444 4012 1616 4087 debeant.

556 4257 797 4288 Μ

597 4387 661 4459 alp)
679 4389 713 4440 1».
733 4403 756 4438 c.
774 4385 825 4438 'l'lu
846 4385 870 4438 l.
891 4383 1027 4440 Ablteodl.
1045 4397 1072 4434 a.

593 4489 658 4558 abt)
675 4472 816 4546 Alma&
835 4487 861 4540 d.
884 4489 990 4542 unda.
1008 4483 1155 4538 Gaudete.
1176 4479 1264 4536 tibere.
1281 4499 1307 4536 ν.
1327 4481 1437 4538 Roote-
1458 4483 1509 4540 Tb.
1530 4485 1553 4538 l.
1572 4485 1624 4538 llo.
1643 4483 1671 4540 8.
1689 4505 1716 4558 p.
1741 4490 1798 4544 rbu.

595 4591 659 4666 151)
682 4591 790 4647 Banu.
810 4591 877 4644 mccl.
897 4591 995 4646 Comen.
1013 4591 1042 4642 ll.
1063 4585 1111 4640 tx
1130 4587 1171 4642 St.
1199 4602 1224 4638 2.
1242 4587 1271 4640 S.
1293 4602 1333 4640 tc.
1420 4615 1424 4626 ·
