4772 5832
1141 613 1198 640 ···
1296 599 1351 670 ss
1449 611 1593 718 -4

494 845 514 864 ,
551 779 723 858 arteriam
740 773 1005 874 pulmonalem
1026 775 1292 876 exporrigitur.
1340 783 1389 851 In
1419 777 1552 851 dextro
1577 779 1800 856 ventriculo
1815 782 1989 856 valvrilae
2012 782 2084 854 mi·

551 917 676 1004 trales,
699 913 884 992 malorem
901 929 1025 986 autern
1042 910 1084 984 in
1099 909 1521 988 modumsemilunares
1542 915 1741 990 crassiores
1765 936 1951 1016 repertae:
1981 941 2087 1013 prae·

555 1051 664 1148 cipue
677 1067 801 1124 autem
824 1043 989 1122 anterior
1004 1064 1044 1124 st
1055 1035 1246 1146 posterior
1267 1049 1343 1122 boc
1360 1047 1458 1122 vitio
1473 1047 1707 1138 laborabant,
1732 1077 1894 1148 querum
1910 1052 2083 1126 sinuatus

553 1206 687 1282 margo
703 1183 910 1260 admodum
919 1181 1087 1256 tumidus
1107 1199 1198 1271 erat,
1214 1171 1450 1284 interspersis
1467 1181 1734 1258 ossificationis
1750 1188 1913 1282 punctis.
1947 1191 2000 1287 xE
2016 1207 2086 1282 po·

540 1317 718 1405 sterium
746 1317 902 1394 vulvula
936 1317 1065 1393 brevis
1090 1343 1209 1418 eaque
1240 1341 1360 1392 crassa
1387 1320 1635 1392 excrescentia
1650 1320 1799 1418 prodit,
1841 1320 1904 1392 cui
1928 1321 2088 1392 nucleus

498 1477 504 1484 ·
557 1474 689 1526 osseus
715 1437 1029 1538 ronmcti'formis,
1064 1454 1174 1526 nucis
1192 1434 1383 1527 avella'nse
1404 1453 1684 1549 magnitudine,
1727 1469 1764 1526 et
1789 1478 1939 1527 sursum
1955 1475 2088 1528 versus

560 1603 705 1664 tortam
719 1601 903 1682 spectans,
929 1585 1114 1660 adhaeret.
1163 1593 1350 1662 Foramen
1364 1586 1474 1660 orale
1486 1587 1663 1663 nondum
1676 1591 1877 1664 occlusum
1901 1605 1968 1662 est.

661 1713 850 1820 Aegrotu's
863 1717 1004 1815 viginti
1018 1737 1091 1792 tres
1108 1745 1231 1794 annos
1245 1737 1371 1806 natus,
1397 1691 1489 1816 post
1502 1721 1704 1810 vehemens
1722 1723 1970 1822 refrigerium,
1985 1743 2092 1792 men·

431 1878 438 1889 ·
563 1877 604 1930 se
618 1851 823 1935 Februario
843 1851 1047 1947 superioris
1064 1853 1164 1924 anni
1189 1851 1417 1940 admissum,
1457 1855 1686 1930 rheumatica
1712 1853 1927 1928 abdominis
1946 1853 2092 1928 indam·

560 1987 731 2064 matione
751 1983 1022 2082 corripiebatur
1028 2037 1043 2074 ,
1066 2011 1163 2082 quas
1179 1989 1482 2075 renseseetione,
1516 1975 1795 2064 emulsionibus
1814 1990 1972 2087 oleosis,
1997 2011 2093 2060 mer·

563 2121 672 2196 curio
688 2118 914 2214 dulciatque
934 2121 1227 2218 epithematibns
1249 2103 1380 2198 calidis
1405 2121 1695 2221 quatuordecim
1719 2125 1863 2198 dierum
1889 2121 2012 2220 spatio
2036 2121 2092 2194 ita

450 2249 460 2258 ’
564 2253 795 2344 leniebatur,
852 2270 897 2326 ut
934 2273 1020 2332 non
1063 2255 1143 2330 nisi
1183 2257 1408 2332 rheumatici
1445 2257 1661 2337 abdominis
1697 2257 1929 2356 femorisque
1971 2255 2095 2328 dextri

567 2387 740 2478 dolores,
781 2387 960 2464 adversus
988 2391 1153 2468 remedie
1184 2409 1337 2470 externa
1369 2391 1551 2479 rebelles,
1589 2392 1670 2488 sod¹
1698 2389 1840 2468 sensim
1876 2392 2094 2487 sensimque

565 2525 692 2598 calore
715 2525 866 2600 aestmis
891 2525 1090 2603 acoedeute
1116 2546 1403 2613 evanescentes,
1443 2545 1692 2604 remanerent.
1744 2534 1824 2601 lum
1845 2527 1950 2624 prius
1969 2523 2095 2596 cordis

562 2655 852 2756 palpitationem
873 2677 987 2758 atque
1004 2661 1232 2740 anxietatem
1245 2687 1466 2759 perpessus,
1500 2665 1533 2736 si
1548 2687 1726 2738 somnum
1740 2686 1868 2760 cepere
1882 2659 2018 2744 vallet,
2039 2679 2095 2728 ca·

472 2858 475 2867 .
561 2793 637 2892 piti
655 2769 863 2870 admodum
883 2796 1025 2870 elatum
1050 2797 1170 2872 situm
1191 2797 1354 2872 tribuere
1382 2797 1552 2872 debebat.
1603 2803 1708 2870 Inter
1725 2795 1907 2870 morbum
1931 2791 2095 2866 norissi-

563 2951 673 3002 mnru
687 2927 932 3015 observabat,
973 2927 1007 3002 si
1019 2929 1121 3003 lecto
1136 2951 1322 3034 surgeret,
1362 2933 1515 3006 collaris
1538 2933 1722 3031 angsslusn
1736 2954 1758 3002 a
1774 2926 1949 3026 quolibet
1968 2925 2094 3000 cordis

562 3063 645 3136 ictu
661 3065 840 3150 concuti,
882 3064 1221 3164 vehementemque
1245 3068 1450 3148 carotidurn
1472 3067 1739 3164 pulsationem.
1789 3059 1982 3134 Amedico
1999 3079 2093 3140 suos

562 3199 704 3294 Exper.
726 3201 884 3270 Haisro
906 3196 1078 3306 iuniore,
1117 3201 1187 3294 qui
1202 3223 1348 3272 summa
1372 3223 1462 3274 cum
1486 3197 1599 3272 laude
1621 3213 1740 3272 artem
1758 3212 1907 3268 exercet
1918 3190 2095 3264 obstetri-
2226 3189 2230 3198 '

545 3329 681 3456 σάω,
704 3332 958 3436 interrogatus
977 3331 1023 3416 de
1038 3335 1109 3409 heo
1126 3329 1338 3406 adfectione
1354 3331 1569 3428 respondit,
1601 3357 1623 3404 a
1642 3331 1762 3428 prima
1783 3329 1878 3402 inde
1894 3328 2095 3400 iuventute

563 3465 638 3564 ipsi
647 3467 745 3542 banc
759 3469 885 3544 cordis
899 3465 1187 3568 palpitationem
1196 3465 1609 3566 sangrrirrisqueversns
1618 3481 1929 3561 capntturgorem
1943 3459 2103 3552 tantiam„

562 3603 747 3686 molesta,
778 3625 826 3676 ex
851 3603 981 3700 aliquo
1007 3619 1135 3676 antem
1158 3619 1331 3700 tempore
1353 3601 1445 3674 baec
1467 3605 1722 3698 symptomata
1745 3601 1912 3670 multum
1938 3590 2094 3664 adaucta

498 3787 504 3796 ·
561 3733 701 3822 lunser
724 3761 840 3834 quare
855 3754 898 3810 ut
912 3737 987 3824 sibi
1003 3751 1132 3812 caveat
1149 3759 1170 3808 a
1188 3706 1477 3810 vehementibus
1493 3735 1666 3831 corporis
1680 3731 1865 3819 motibus,
1883 3733 2012 3827 ipsum
2030 3730 2096 3802 ed·

560 3869 942 3946 monitumamedico
955 3895 1044 3946 esse.
1068 3865 1222 3944 Florido
1239 3885 1316 3940 erat
1328 3869 1448 3964 ipsius
1466 3869 1563 3940 cutis
1581 3869 1719 3943 colore.
1737 3869 1836 3937 Ante
1862 3865 2006 3962 aliquot
2028 3883 2095 3932 an·
2145 3853 2149 3860 ’

560 4011 805 4105 nosPragae‚
842 4031 931 4082 oum
947 4001 1221 4110 opusfeceret‚
1249 4011 1354 4090 (erat
1368 4019 1495 4072 autem
1512 3995 1642 4094 opifer
1659 3997 1851 4088 asuarius)
1876 4000 1956 4070 ictu
1980 3993 2095 4068 vehe-
2133 4039 2140 4046 -

559 4139 683 4214 menti
696 4140 777 4213 eius
793 4160 924 4239 pectus
939 4163 1167 4229 concussum
1184 4151 1282 4220 erat,
1310 4128 1412 4210 unde
1436 4133 1582 4204 dolores
1608 4129 1791 4224 pectoris,
1816 4149 1854 4204 et
1871 4131 1988 4204 serius
2003 4149 2094 4224 spu·

561 4293 647 4350 tum
668 4277 862 4374 sanguinis
879 4275 1008 4350 oborti
1022 4277 1189 4352 fuerunt.
1239 4275 1355 4346 Anno
1368 4268 1498 4340 aetatis
1514 4263 1662 4338 decimo
1678 4282 1780 4338 sesto
1794 4289 1916 4362 usque
1936 4259 1983 4336 ad
1994 4276 2097 4334 octa·

558 4435 666 4500 vum,
682 4409 822 4508 quibus
841 4431 982 4506 corpus
998 4407 1168 4480 celeriter
1183 4391 1403 4488 iiicreveret,
1411 4401 1628 4497 frequenter
1644 4423 1774 4494 peram
1789 4397 1989 4470 militarem
2004 4419 2095 4491 pore

551 4547 668 4636 tavit,
700 4546 823 4648 ipsius
847 4541 991 4644 pectori
1011 4541 1221 4618 admodum
1243 4539 1453 4614 molestam.
1504 4533 1692 4610 Reducem
1709 4533 1757 4606 ‘in
1771 4530 1932 4628 patriam
1954 4525 2094 4607 urbem
