4710 5844
1129 611 1191 664 t·-
1273 601 1343 690 ‘33
1415 571 1497 658 ’.-

1256 795 1286 898 i·
1341 819 1374 891 5·

1001 955 1004 964 ¹
1056 961 1273 1050 Morbi
1331 995 1574 1084 nomen.

658 1182 925 1256 Phaenomena
938 1177 1129 1271 morbosa,
1157 1189 1451 1280 quae‘tanqua'm
1467 1178 1596 1256 effecta
1610 1156 1960 1258 ossificationumin
1977 1174 2091 1250 corde

558 1315 759 1392 obviatum
774 1313 968 1406 observata
990 1334 1093 1404 sunt,
1120 1317 1268 1390 averiis
1286 1315 1534 1413 scriptoribus
1550 1314 1803 1390 diversimode
1819 1313 2090 1413 cognominata

450 1467 451 1472 ’
560 1454 662 1530 sunt.
714 1451 933 1548 Praecipuae
954 1466 1109 1526 tantum
1123 1449 1205 1524 eius
1218 1449 1306 1534 vitii
1320 1449 1651 1526 denominationes
1669 1446 1846 1530 adferam.
1929 1451 2091 1520 Hercu·¹

559 1609 699 1660 nauus
717 1587 821 1660 enim
839 1585 998 1684 anginae
1017 1583 1179 1680 pectoris
1196 1584 1356 1658 nomine
1373 1607 1466 1658 usus
1487 1601 1565 1674 est,
1603 1609 1720 1683 quam
1746 1590 1933 1658 Paratus
1959 1603 2094 1673 cyneo*

561 1687 638 1830 pen
655 1721 897 1820 anginosam‚
933 1723 1234 1816 &mortuarios
1249 1715 1550 1816 puigophobiam
1579 1719 1633 1790 ob
1651 1691 1912 1794 suffocationis
1931 1687 2096 1803 metam,

545 1843 800 1952 'Danwtnna
818 1847 1231 1938 astitiua‘dolorificum,
1260 1855 1496 1928 Saturnus
1510 1870 1548 1924 et
1562 1857 1737 1928 Secutus
1753 1852 1897 1926 asthma
1916 1850 2094 1946 spasticof
2125 1933 2131 1964 s

570 1987 826 2076 arthriticum,
866 1992 1048 2060 Stursrua
1072 1983 1356 2078 aternodyniam
1384 1989 1646 2084 syncopalem,
1686 1987 1909 2062 nummu
1934 1985 2095 2063 cubrici.

571 2121 659 2229 dem'
674 2118 1048 2225 diaphreguruticam,¹
1079 2135 1117 2192 et
1131 2118 1295 2216 denique
1307 2124 1448 2192 Barna
1468 2107 1743 2198 stenocardiem
1764 2120 2013 2222 appellavere,
2070 2102 2074 2108 ¹

1154 2319 1515 2348 w

1268 2555 1303 2656 §-
1331 2529 1390 2631 ‘c

1011 2724 1383 2835 Diug'uosis
1437 2721 1654 2806 morbi.

678 2894 914 3041 Quemquam
935 2942 1059 3034 cordis
1078 2937 1203 3014 morbi
1217 2940 1264 3014 iis
1282 2893 1557 3016 adnumerandi
1578 2959 1679 3052 suut,
1706 2940 1771 3040 qui
1794 2940 2002 3016 recentium
2020 2963 2097 3013 me·

575 3079 748 3152 dicorum
765 3097 876 3170 opera
893 3097 936 3145 ac
957 3073 1084 3146 studio
1100 3077 1309 3171 plurimum
1323 3050 1627 3162 illustratisunt,
1651 3100 1784 3148 onures
1804 3094 1946 3162 tamen,
1969 3075 2032 3172 qui
2050 3071 2096 3146 dd

574 3212 651 3284 illis
669 3209 919 3304 scripserunt,
944 3205 990 3278 in
1004 3227 1049 3278 eo
1069 3210 1324 3295 conveniunt,
1352 3228 1395 3282 ut
1411 3211 1577 3310 singulus
1597 3209 1736 3282 horum·
1752 3212 1937 3288 vitiorum
1953 3210 2097 3290 formae

575 3341 880 3448 cognoscendiet
896 3365 964 3416 ase
981 3339 1147 3446 inuicem
1161 3343 1356 3440 separandi
1373 3343 1521 3417 difficile
1539 3321 1747 3418 admodum
1765 3351 1962 3447 negotium
1981 3352 2098 3426 decla·

574 3503 669 3558 rent.
717 3479 765 3552 Id
778 3501 931 3574 quoque
947 3475 995 3546 de
1009 3472 1330 3550 ossificationibua
1345 3481 1585 3556 valvuiarum
1607 3505 1742 3562 verum
1762 3500 1828 3554 est.
1880 3471 2097 3585 Numquae

575 3637 756 3713 tanquam
773 3611 877 3709 signa
898 3609 1012 3680 huius
1029 3609 1114 3696 vitii
1134 3635 1230 3683 ame
1248 3614 1358 3686 allata
1375 3628 1477 3698 sunt,
1502 3613 1590 3686 haec
1605 3637 1687 3684 non
1701 3616 1759 3687 iili
1774 3620 1848 3692 soli
1863 3635 2097 3721 competunt,
2152 3599 2159 3636 '

435 3807 441 3814 .
542 3752 642 3826 ”sed
655 3747 736 3822 aliis
761 3767 912 3842 quoque
930 3737 1057 3814 cordis
1070 3743 1216 3816 morbis
1234 3741 1449 3844 frequenter
1473 3749 1719 3850 conueniunt.
1771 3753 1919 3850 Angina
1937 3763 2097 3854 pectoris

575 3887 708 3984 (liceat
734 3878 838 3952 enim
861 3875 1017 3948 maioris
1043 3878 1315 3974 perspicuitatis
1341 3905 1468 3954 caussa
1491 3881 1562 3952 hoc
1590 3882 1647 3951 uti
1670 3885 1829 3955 nomine
1846 3891 2011 3968 maxime
2026 3894 2098 3967 fre-

520 4093 523 4104 ,
573 4019 786 4120 quentato)·
799 4015 850 4086 itu
867 4036 944 4086 sese
957 4011 1108 4109 prodit:
1136 4013 1314 4090 homines
1331 4040 1488 4112 corpore
1503 4015 1674 4102 robusto,
1703 4016 1798 4089 bene
1816 4022 1975 4110 nutrito,
2004 4023 2098 4099 facie

571 4160 669 4232 laete
685 4147 919 4234 rubicunda,
961 4165 1138 4221 motuum
1157 4151 1321 4248 agilitate
1347 4169 1384 4224 et
1401 4149 1559 4225 iuvenili
1582 4150 1769 4222 alacritate
1784 4153 1974 4254 insignes,
2012 4184 2099 4256 pro-

573 4291 729 4366 cedente
761 4299 876 4356 aetate
899 4281 1026 4377 plures
1055 4304 1142 4357 ante
1160 4285 1289 4358 morbi
1310 4285 1462 4358 initium
1484 4309 1604 4378 anuos
1631 4285 1677 4356 de
1706 4283 1836 4362 doloro
1859 4307 1991 4387 pectus
2017 4290 2099 4364 fau·

572 4445 708 4520 cesque
736 4405 1017 4515 constringente
1057 4435 1370 4516 conqueruntur,
1422 4417 1491 4515 qui
1526 4399 1810 4516 respirationem
1840 4425 1996 4522 quidem
2022 4425 2099 4500 do-

468 4644 470 4654 ,
570 4527 756 4635 iorificam
773 4550 927 4641 reddi-tp
958 4551 1112 4645 minime
1142 4570 1270 4628 autem
1290 4551 1458 4649 impedit.
1511 4557 1628 4653 Saepe
1646 4557 1788 4630 accedit
1809 4579 1941 4632 sensus
1956 4562 2097 4658 ponde·
2175 4623 2178 4634 .
