4772 5832
1136 631 1236 676 ..Ἃ
1292 613 1339 690 23
1441 633 1493 660 ..-

552 805 668 909 igitur
687 801 768 902 ipsa
784 797 995 876 naturalem
1017 799 1124 897 quari
1139 799 1445 898 progressionem
1468 797 1721 890 monstrabat,
1754 825 1868 900 quam
1882 805 2086 890 immutan-

553 945 611 1018 dis
627 939 768 1016 sensim
790 936 960 1037 partibus
984 935 1167 1010 mollibus
1185 935 1227 1008 iu
1253 935 1470 1010 durissimas
1493 935 1652 1011 adhibet.
1729 933 1790 1012 Ab
1809 939 1922 1016 initio
1945 943 2089 1018 scilieet
2203 961 2211 972 ·

552 1101 688 1156 autem
716 1069 859 1149 emaus
880 1073 1011 1148 mollis
1028 1071 1152 1146 adhuc
1169 1089 1243 1158 est,
1291 1071 1434 1146 sensim
1464 1087 1592 1145 autem
1620 1075 1746 1148 vados
1771 1074 1922 1151 duritid
1946 1079 2086 1178 gradus

553 1209 738 1296 adsumit,
776 1209 930 1284 tandem
946 1225 1047 1282 tauta
1063 1207 1218 1294 duritie,
1242 1225 1426 1305 quantam
1450 1207 1493 1280 in
1515 1207 1664 1284 ossibus
1681 1213 1956 1310 conspicimus,
1980 1214 2091 1313 riget.

550 1346 813 1426 Indurationes
827 1361 955 1416 autem
972 1345 1066 1418 tales
1080 1369 1164 1418 non
1182 1367 1388 1442 possumus
1403 1367 1491 1419 vere
1513 1367 1639 1416 osseas
1663 1367 1902 1442 nuncupate,
1946 1349 2086 1446 quippe

551 1506 648 1584 qaae
668 1499 707 1554 et
721 1477 827 1552 fibris
844 1479 1051 1576 paralielis,
1075 1497 1114 1554 et
1133 1479 1235 1576 poris
1259 1479 1437 1556 destituta
1456 1495 1532 1566 est,
1564 1479 1607 1551 in
1623 1503 1708 1553 osse
1721 1481 2027 1578 conspiciendis,
2048 1497 2088 1554 et
2183 1519 2189 1527 ·
2227 1531 2240 1538 -

553 1613 663 1692 omni
679 1637 766 1688 osse
785 1611 958 1690 duriores
973 1631 1074 1690 sunt.
1127 1618 1206 1686 Has
1227 1611 1513 1688 observationes
1526 1629 1606 1686 taur
1627 1611 1845 1712 fruauemer
1866 1616 2087 1712 repetereli·

552 1751 630 1828 ouit
646 1753 869 1835 Hannano,
915 1765 960 1821 ut
974 1747 1020 1822 de
1033 1749 1192 1822 veritate
1216 1765 1372 1836 eorum,
1414 1771 1511 1844 quae
1535 1746 1584 1820 de
1599 1747 1661 1820 via
1680 1766 1722 1816 ac
1744 1745 1891 1818 ratione
1906 1747 2087 1834 adseruit.

437 1937 442 1946 -
549 1867 632 1984 qua*
652 1879 983 1981 praeternaturalia
1013 1877 1219 1954 ossifioatio
1245 1881 1463 1977 contingat,
1504 1903 1554 1952 ne
1575 1876 1781 1960 minimum
1799 1880 1958 1976 quidem
1975 1883 2091 1960 dabi-

552 2034 661 2094 taret.
734 2011 881 2088 Eodem
904 2012 1025 2088 modo
1049 2015 1275 2090 Haustanes
1296 2009 1473 2086 vitiosam
1499 2011 1719 2086 arteriarum
1745 1991 2086 2111 degenerationem,

552 2175 650 2254 quae
665 2121 774 2225 aenio
789 2149 886 2222 solet
901 2139 1095 2222 familiaris
1111 2171 1215 2233 esse,
1237 2171 1257 2218 s
1277 2145 1515 2244 liquidorum
1528 2145 1657 2241 potius
1674 2144 1785 2232 vitio,
1810 2171 1924 2244 quam
1945 2151 2085 2228 aolida-

552 2309 641 2360 rum
655 2281 818 2382 partium
832 2280 1074 2380 rigescentis,
1112 2281 1297 2354 sirenaeo
1316 2301 1338 2354 a
1361 2279 1577 2376 copiosiore
1597 2295 1803 2354 terreatum
1817 2285 2084 2378 parricidarum

551 2421 595 2496 in
612 2415 796 2517 sanguine
811 2411 1066 2516 generatione,
1092 2413 1173 2486 aive
1187 2437 1209 2486 a
1225 2413 1391 2518 pigriore
1406 2412 1531 2488 cordis
1549 2429 1661 2486 motu
1677 2412 1851 2508 pendeat,
1875 2440 1967 2512 quo,
1986 2442 2084 2516 quta

550 2552 721 2632 vividior
737 2548 908 2624 eiusdem
932 2547 1140 2622 contractio
1161 2547 1209 2620 ad
1231 2569 1338 2620 renes
1360 2546 1579 2636 detulisset,
1623 2548 1665 2626 iu
1679 2545 1757 2646 iliis
1775 2547 1869 2624 loeis
1892 2551 2084 2652 deponan-

550 2707 635 2780 επ,
660 2701 757 2790 quae
772 2683 823 2762 ob
845 2682 1050 2764 moltam
1069 2679 1180 2762 facile
1202 2678 1342 2761 sedunt
1357 2683 1432 2775 ¹⁶²).

599 3025 609 3037 „
651 2933 709 3006 Io.
728 2933 853 3004 earn.
866 2927 1067 3012 Porrmos,
1103 2919 1307 3022 ‘quondam
1328 2918 1522 3020 professor
1536 2923 1774 3024 pathoiogiae
1788 2916 2082 3021 L'ipsierraimde

550 3065 628 3138 hoo
642 3063 909 3160 phaenomeno
931 3057 1155 3132 sententiam
1175 3055 1296 3145 fovit,
1345 3057 1445 3130 inter
1469 3059 1791 3131 Boerhaavianam
1819 3073 1930 3156 atque
1956 3065 2083 3136 Helle·
2195 3095 2200 3104 ·

549 3198 695 3272 rianam
707 3189 981 3268 intermediam.
1033 3191 1222 3290 Quicquid
1242 3189 1343 3264 enim
1357 3190 1403 3262 de
1421 3191 1585 3266 naturali
1601 3193 1724 3268 valeat
1740 3189 2020 3282 ossificatlone,
2042 3197 2083 3272 id

552 3331 667 3408 etiam
693 3329 739 3402 de
765 3327 852 3400 calli
877 3323 1109 3437 formatione
1132 3342 1171 3398 et
1195 3323 1503 3422 praetematt'rrali
1529 3326 1626 3422 ossis
1642 3325 1874 3400 formatione
1891 3329 2007 3402 statui
2021 3331 2084 3404 de·

552 3465 642 3542 bere
660 3457 868 3554 contendit.
920 3451 1164 3532 Efficiautem
1178 3461 1464 3558 posteriorem
1484 3460 1756 3558 visanguinia,
1794 3461 1932 3534 solidas
1948 3487 2083 3564 corpo.

550 3581 600 3676 ria
616 3597 738 3672 nostri
753 3611 873 3692 partes
890 3569 1007 3692 paulo
1019 3595 1284 3666 vehementius
1298 3594 1528 3691 prementia,
1566 3619 1663 3691 quae
1683 3594 1734 3668 ob
1751 3595 2008 3672 eleaticitatem
2024 3603 2084 3680 ni-

518 3734 626 3810 ‘mis
652 3743 800 3806 suetam
824 3723 1101 3824 impediantur,
1140 3727 1352 3824 quominus
1378 3701 1606 3804 sufficienter
1629 3729 1814 3802 resistant.
1865 3735 1968 3802 Inter
1992 3735 2081 3812 alias
2129 3774 2136 3790 ·

549 3886 696 3968 partes,
720 3863 948 3964 sanguinem
957 3861 1252 3952 omnituentes,
1278 3887 1454 3963 magnam
1478 3889 1630 3965 quoque
1651 3861 1800 3958 copiam
1817 3863 2084 3960 particularum

551 3997 787 4072 terrestrium
803 4023 871 4096 per
885 3997 1037 4071 arterias
1052 3994 1204 4084 advehi,
1232 4001 1385 4096 quaein
1404 4001 1515 4086 foetu
1531 3999 1735 4074 mutandae
1750 3999 1792 4072 in
1807 4025 1851 4075 os
1876 4003 2082 4104 cartilagini

551 4132 746 4210 materiam
759 4135 1012 4234 suppeditant.
1063 4135 1174 4210 Hane
1197 4133 1391 4208 materiam
1407 4134 1557 4228 arterias
1581 4132 1706 4208 cordis
1737 4136 1778 4210 vi
1802 4137 1974 4214 incitatas
1994 4161 2082 4236 pro·

553 4389 795 4416 m

588 4515 651 4584 251)
672 4518 735 4574 i'id.
752 4533 842 4586 progr.
863 4535 943 4584 supra
967 4515 1114 4570 laudam·
