4772 5832
827 580 1078 700 '···-'45
1182 621 1282 664 -'

293 803 437 906 optima
454 829 566 878 usum
586 805 666 880 esse
679 805 909 900 valetudine,
934 829 1028 904 quae
1045 829 1148 879 nunc
1161 787 1378 878 labefactata
1396 800 1465 876 sit:
1488 825 1513 874 a
1530 801 1705 901 quolibet
1718 802 1821 907 enim

292 943 421 1020 labore
442 941 641 1038 paululum
665 942 972 1016 acriore·virium
995 941 1291 1022 imbecillitatem
1326 939 1498 1015 sentiris·
1527 957 1715 1036 praeterea
1742 939 1821 1010 an'i·
1921 931 1927 944 ’

291 1103 399 1153 mum
416 1053 715 1152 esseadmodum
730 1078 959 1165 demissum,
983 1076 1217 1165 iracundum,
1239 1101 1311 1150 nec
1327 1073 1482 1148 fortuna
1501 1097 1567 1148 sua
1586 1071 1820 1146 contentum.

290 1205 434 1290 Medici
454 1213 610 1284 consilia
628 1235 674 1298 eo
691 1210 965 1315 dirigebantur,
1008 1229 1051 1285 ut
1067 1213 1176 1287 sibia
1201 1213 1415 1286 vehementi
1438 1211 1609 1306 corporis
1626 1227 1754 1292 motu,
1800 1232 1822 1279 a

289 1352 395 1424 victu
421 1345 669 1430 calefaciente,
696 1369 716 1416 a
732 1325 985 1420 viridioribus
1001 1347 1118 1420 animi
1134 1345 1329 1434 motibus,
1355 1363 1391 1418 et
1406 1370 1426 1418 a
1448 1369 1586 1418 venere
1604 1344 1721 1416 nimia
1741 1341 1823 1432 (iu·

196 1473 203 1482 ’
290 1483 493 1557 venculam
513 1479 615 1560 enim
631 1479 790 1552 duxerat
806 1483 984 1580 uxorem)
1006 1481 1173 1572 caveret,
1214 1489 1421 1556 cremorem
1433 1480 1565 1552 'tartari
1583 1501 1677 1575 aqua
1696 1477 1822 1548 solve·
1898 1492 1904 1500 '

288 1637 363 1703 ret,
420 1641 621 1714 eoquepro
643 1633 739 1712 potu
759 1632 946 1704 uteretur,
984 1619 1147 1716 denique
1174 1619 1336 1696 subinde
1352 1603 1725 1694 venae'secrionibus
1746 1609 1822 1682 exi·

288 1754 374 1853 guis
404 1753 551 1846 copiam
578 1751 771 1848 sanguinis
805 1752 1059 1826 imminueret.
1111 1757 1210 1825 Cum
1240 1778 1364 1848 neque
1391 1753 1643 1824 rheumaticus
1661 1743 1820 1854 femoris

291 1885 413 1958 dextri
434 1883 545 1956 dolor
558 1911 683 1985 neque
700 1887 840 1960 virium
864 1882 1036 1960 debilitas
1053 1867 1230 1961 remediis
1257 1885 1433 1973 adhibitis
1460 1885 1617 1971 cederet,
1640 1897 1820 1980 aegrotus
1855 1919 1859 1928 ·
1887 1896 1892 1904 '

264 2037 270 2052 “
292 2019 337 2092 ad
351 2019 468 2092 alium
483 2019 724 2119 confugiebat
737 2021 943 2107 medicum,
971 2023 1153 2118 quicum
1178 2022 1308 2096 eadem
1336 2022 1492 2094 consilia
1513 2019 1695 2104 dedisset,
1721 2013 1820 2090 nihil

293 2179 439 2252 quoque
465 2151 639 2249 profecit.
707 2162 829 2254 Quare
851 2173 1041 2252 pertaesus
1064 2157 1240 2230 omnium
1268 2155 1429 2230 dmnino
1455 2157 1820 2260 medicamentorum

293 2315 394 2362 suam
408 2288 689 2374 valetudinem,
732 2313 827 2386 quae
842 2292 1031 2366 aerumnis
1046 2309 1156 2390 atque
1171 2295 1286 2370 variis
1303 2292 1404 2366 vitae
1421 2293 1606 2366 molestiis
1624 2289 1743 2386 magis
1758 2286 1820 2360 ad·

287 2425 361 2496 huc
377 2423 521 2498 adflicta
539 2442 627 2512 erat,
653 2425 765 2522 plane
787 2450 870 2499 non
888 2427 1051 2502 curabat.
1104 2425 1177 2499 Sed
1199 2451 1330 2502 mense
1348 2435 1524 2527 Augusto
1546 2426 1664 2498 auctis
1677 2424 1819 2498 virium

286 2561 482 2658 languore,
508 2560 756 2654 palpitatione
776 2563 898 2636 cordis
915 2581 1027 2660 atque
1042 2563 1240 2647 anxietate,
1263 2563 1459 2635 doloribus
1479 2559 1818 2636 abdominis‘rheu·

285 2695 429 2774 anaticis
454 2691 611 2777 obortis,
637 2719 736 2788 quos
755 2697 951 2770 duodecim
968 2699 1206 2798 sanguisugis
1224 2699 1296 2774 sibi
1312 2700 1505 2796 applicatis
1521 2700 1640 2770 lenire
1658 2693 1819 2785 conaba-

284 2855 371 2917 tur,
406 2824 586 2903 noctibus
604 2827 869 2917 insomnibus,
904 2833 1163 2944 pungentibus
1186 2825 1383 2906 doloribus
1399 2814 1529 2930 pectus
1547 2830 1652 2929 quasi
1671 2824 1819 2898 transfi-

284 2945 461 3064 gentibus
475 3009 499 3046 ,ι
530 2961 625 3034 tussi
646 2962 742 3034 sicca
771 2980 808 3034 et
833 2963 938 3040 brevi
961 2967 1194 3042 excruciatus
1210 2987 1383 3068 aegrotus
1400 2993 1482 3041 non
1500 2966 1577 3038 nisi
1600 2981 1817 3040 antrorsum
1861 2943 1867 2950 ’

283 3098 466 3184 inclinato
485 3117 653 3190 corpore,
682 3115 719 3170 et
731 3101 834 3194 quasi
852 3101 985 3172 sedens
1003 3103 1139 3200 cubare
1160 3123 1318 3202 poterat,
1341 3104 1533 3197 faciesque
1554 3125 1630 3174 una
1647 3123 1735 3170 cum
1752 3122 1816 3193 pe*

282 3231 393 3304 dibus
416 3227 610 3300 intumuit.
664 3237 803 3306 Denuo
828 3235 870 3306 in
901 3235 1083 3306 auxilium
1104 3257 1262 3308 vocatus
1292 3245 1387 3332 Exp.
1414 3243 1604 3320 Haasrus,
1636 3229 1815 3305 omnibus

282 3364 456 3439 remediis
480 3363 669 3436 incassum
701 3367 897 3453 adhibitis,
949 3387 1145 3465 aegrotum
1165 3363 1244 3440 fato
1274 3395 1347 3442 suo
1371 3371 1511 3468 eripere
1534 3367 1635 3438 haud
1657 3383 1813 3461 poterat,

282 3497 574 3599 quippequipus
593 3501 800 3596 exspuebat
817 3503 1323 3600 sanguinolentum,urinam
1335 3505 1537 3601 perplures
1556 3501 1634 3574 dies
1646 3523 1813 3572 crassam

281 3655 395 3734 atque
414 3633 599 3706 turbidam
618 3635 847 3722 excernebat,
859 3639 1085 3737 tandemque
1094 3638 1380 3744 viribusmagis
1396 3639 1592 3738 magisque
1607 3637 1812 3709 exhaustus

192 3845 199 3854 ,
281 3770 504 3847 asthmatico
519 3770 679 3843 insultui
695 3771 904 3844 succubuit.
931 3813 982 3832 -··
1029 3773 1193 3880 Cadaver
1209 3774 1430 3872 neutiquam
1449 3775 1559 3848 valde
1576 3771 1812 3863 emaciatum,
1852 3786 1856 3799 ·

219 3939 224 3946 ·
279 3909 392 3982 facies
419 3933 506 3980 cum
521 3905 676 3978 artubus
707 3907 851 3980 tumida
876 3908 1184 4006 conspiciebatur.
1237 3913 1377 4006 Aperto
1402 3927 1553 4006 pectore
1563 3907 1812 4006 pericardiunr

280 4043 446 4126 densius,
467 4067 548 4118 sero
564 4047 669 4114 luteo
687 4043 797 4117 valde
821 4017 1060 4132 extensum,⁸
1087 4071 1163 4142 quo
1183 4048 1293 4118 etiam
1316 4047 1541 4142 pulmonum
1560 4045 1808 4142 parenchyma

211 4239 214 4253 .
281 4175 521 4268 abundabat3
559 4201 624 4248 cor
647 4177 794 4276 ingenti
816 4181 1010 4278 sanguinis
1033 4183 1219 4280 coagulati
1246 4181 1353 4278 copia
1373 4181 1549 4277 plenum;
1588 4179 1809 4252 arteriarum

280 4311 404 4384 trunci
424 4311 662 4384 vehementer
688 4313 929 4404 inflantmati3
955 4319 1186 4412 pulmonum
1202 4343 1290 4400 vasa
1315 4318 1519 4415 sanguinea
1540 4315 1722 4412 sanguine
1738 4312 1807 4382 mi·

280 4472 362 4522 rum
379 4448 421 4520 in
439 4445 599 4520 modum
617 4451 823 4546 turgentia3
846 4451 1006 4548 donique
1024 4451 1238 4527 abdominis
1256 4453 1398 4528 viscera
1415 4479 1503 4528 sana
1515 4449 1805 4549 reperiebantur.
