4772 5832
1122 642 1199 722 .··
1301 623 1347 705 ft
1447 639 1501 674 ···

558 817 661 894 turris
707 799 858 915 eliot'pue
876 803 934 889 'in
960 799 1141 892 'sedavere'
1175 815 1233 911 tt)
1269 812 1373 886 idem
1409 811 1550 922 detexit
1580 835 1624 888 cs
1650 814 1691 888 in
1714 813 1838 890 cordis
1865 805 2094 909 substantia,¹

556 968 762 1050 postquam
794 937 1148 1025 vehementissimae
1191 951 1305 1024 huius
1333 950 1471 1048 'organi
1506 951 1768 1045 palpitationes
1802 971 2099 1049 praecesserant.··

558 1091 743 1160 susum
760 1095 810 1174 89)
825 1087 1040 1162 observavit
1059 1073 1293 1160 simillimum
1309 1086 1434 1158 cordis
1452 1082 1756 1156 ossificationem.
1808 1091 2028 1160 Hnunurus
2042 1071 2092 1174 *ἦ

557 1213 726 1315 puerum'
746 1211 906 1297 noverat
934 1217 1132 1294 duodecim
1157 1235 1365 1304 antrorum,
1413 1235 1503 1316 post
1535 1217 1678 1290 febrem
1701 1231 1849 1292 acutam
1874 1221 2098 1294 valetudine
2172 1207 2176 1218 ⁵

559 1351 700 1426 minus
712 1375 891 1450 prospere
912 1379 979 1452 per
1004 1356 1228 1430 sexennium
1249 1341 1452 1442 utentem,
1481 1355 1552 1426 illo
1582 1339 1715 1426 'autern
1747 1371 1884 1426 exacto
1912 1354 2010 1428 bene
2029 1366 2097 1430 tta-¹

558 1488 699 1562 lentem
721 1485 806 1562 ab·
795 1489 927 1616 mitio,
955 1491 1020 1564 sed
1044 1490 1095 1564 ob
1112 1490 1268 1562 crebras
1300 1488 1602 1583 'compotationes
1625 1505 1752 1585 postea
1781 1489 1901 1561 cordis
1931 1491 2094 1564 anxietas·

557 1639 607 1708 te,
634 1637 671 1694 et
696 1621 931 1718 tipothymiis
953 1639 1181 1718 correptum,
1206 1621 1347 1718 quibus
1375 1621 1641 1692 succedebant·
1633 1645 1740 1694 ·cum
1759 1622 1954 1696 debilitate
1968 1643 2005 1696 et
2025 1623 2097 1696 fre·

558 1757 690 1854 quenti
714 1755 863 1828 ¹vomitu
888 1755 1153 1850 palpitationes
1181 1755 1275 1828 adeo
1310 1757 1572 1840 vehementes,
1610 1757 1812 1850 praecipue
1843 1757 1943 1828 inter
1975 1759 2098 1832 animi
2129 1849 2146 1860 .

559 1889 860 1973 commotiones,
895 1905 939 1960 nt
965 1889 1016 1968 ab
1038 1889 1273 1962 adstantibus
1300 1891 1421 1964 auditi
1445 1906 1612 1985 possent.
1667 1888 1840 1960 Tandem
1861 1889 1941 1964 fato
1967 1895 2097 1970 cessit.¹
2144 1928 2151 1942 =

559 2031 635 2102 Cor
655 2024 864 2096 naturalem
889 2025 1191 2122 magnitudinem
1214 2041 1345 2122 quater
1366 2021 1585 2108 excedebat,
1627 2039 1665 2094 et
1690 1988 1904 2097 substantia
1927 2045 2006 2146 erat
2033 2029 2100 2101 soi

557 2157 752 2246 lidiore,'
740 2181 857 2257 mque
873 2158 955 2232 eius
972 2177 1080 2256 septo
1100 2177 1179 2232 tres
1204 2159 1500 2256 reperiebantur
1513 2159 1648 2230 calculi
1669 2159 1837 2231 arenacei
1861 2159 1935 2257 pisi
1952 2137 2097 2262 ntsgnia

560 2293 704 2366 tudine.
757 2295 991 2368 Senatorum
1010 2296 1062 2390 ⁴²)
1095 2291 1258 2390 denique
1284 2293 1451 2390 plures
1440 2319 1482 2366 m
1518 2291 1690 2364 medium
1714 2295 1879 2390 protulit
1921 2297 2097 2374 observa·

466 2487 472 2492 .
557 2429 685 2504 tiones
709 2421 756 2499 de
781 2421 983 2525 lapidibus,
1005 2427 1051 2500 dn
1074 2429 1187 2502 corde
1212 2424 1396 2526 repertis,
1445 2425 1537 2499 ab
1523 2449 1611 2523 apso
1615 2409 1768 2516 factas,
1814 2429 1922 2508 cuius
1949 2433 2096 2531 generis

474 2658 481 2670 .
561 2560 677 2634 etiam
692 2555 972 2637 nonnullas
961 2565 1183 2696 invenimus
1209 2589 1231 2639 e
1255 2569 1428 2704 Jaocrro
1464 2567 1516 2659 ⁴⁸)
1550 2579 1587 2638 et
1619 2567 1855 2639 Donoure'o
1881 2571 1932 2660 ⁴⁸)
1973 2567 2093 2642 literis

560 2689 802 2772 morus(

572 2893 576 2908 .
660 2833 785 2904 Seculi
811 2836 944 2912 decimi
970 2841 1122 2938 septimi
1146 2840 1291 2940 genius,
1319 2835 1365 2912 eb
1391 2835 1887 2916 illustri'Bnumnustouro
1915 2839 1967 2923 ⁴⁴>
1990 2833 2089 2932 opti·

558 2989 621 3046 tue
645 2963 914 3060 adumbratus,
952 2973 992 3046 id
1027 2977 1285 3074 maximopere
1315 2975 1411 3074 egit,
1458 2993 1502 3046 ut
1524 2977 1741 3049 zootomiae
1778 2973 1906 3046 studio
1934 2987 1971 3044 et
1990 2969 2091 3046 vivi·

559 3100 792 3176 sectionibus
811 3121 929 3177 artem
952 3091 1100 3182 iuvaret
1120 3109 1331 3194 salutdrem,
1357 3109 1603 3202 occultasque
1629 3102 1851 3176 morborum
1874 3101 1979 3174 sedes
2001 3127 2088 3174 ana·

559 3253 684 3312 tomes
711 3258 785 3334 ope
806 3237 1003 3339 detegeret.
1057 3243 1154 3316 Fieri
1174 3241 1289 3341 igitur
1308 3265 1391 3315 uon
1411 3242 1540 3340 potuit
1559 3253 1660 3328 non,
1682 3235 1775 3336 quin
1801 3253 1839 3308 et
1862 3235 2086 3310 morborum

460 3431 476 3460 x
560 3369 685 3445 cordis
712 3375 880 3471 exempla
904 3393 1021 3474 quant
1047 3377 1209 3474 plurima
1225 3393 1467 3460 notarentur,
1495 3373 1742 3472 quaepartim
1765 3377 2084 3456 aLtuursunro,

558 3506 697 3605 partim
735 3531 756 3580 tt
786 3515 1056 3608 torenna,
1108 3517 1334 3586 Mucuntro
1372 3507 1529 3603 aliisque
1558 3507 1606 3580 de
1638 3505 2085 3604 anatomieputhologica

561 3637 806 3738 scriptoribus
827 3643 984 3719 collecta
1012 3661 1111 3718 sunt.
1180 3645 1272 3720 lnde
1297 3644 1492 3740 decerpere
1516 3663 1597 3718 non
1620 3645 1726 3718 nulla
1740 3619 1743 3626 ¹
1759 3641 1880 3718 liceat.
1943 3647 1994 3717 Et
2017 3644 2086 3716 lli·

593 4013 638 4079 58)
663 4013 774 4068 observ.
786 4016 832 4066 hb.
846 4013 896 4068 tn.
914 4030 941 4082 p.
960 4013 1022 4068 656.

593 4117 636 4194 59)
658 4115 772 4171 Miscell.
793 4115 824 4166 1..
839 4111 873 4166 X.
891 4129 918 4179 p.
938 4111 998 4165 500.

592 4217 724 4291 lumbe.
746 4231 800 4266 rar.
820 4213 884 4266 hitt-
903 4211 946 4269 28.
974 4213 1207 4284 upudLmurtcu
1224 4214 1284 4270 be.

537 4353 544 4362 ·
594 4327 643 4394 lt)
666 4319 729 4374 Oba.
749 4335 778 4384 p.
795 4312 900 4384 273,

592 4423 641 4494 42)
662 4425 751 4474 (lenm
753 4427 806 4470 emt
825 4421 852 4468 la
870 4415 951 4480 lllpp.
967 4411 1037 4480 Ape.
1056 4409 1103 4464 Π.
1125 4409 1197 4462 sm.
1214 4407 1250 4460 11.
1265 4407 1296 4461 l.
1314 4407 1362 4462 Vl·

593 4527 643 4596 te)
661 4523 702 4576 Cf.
720 4521 831 4592 optem.
849 4523 907 4569 ιιιιι.
925 4531 981 4567 m.

591 4631 640 4702 44)
656 4625 812 4684 Ittdrcduct.
825 4623 856 4675 ιἰι
871 4617 936 4672 diet.
952 4615 1020 4670 med.
1039 4611 1080 4667 ttt.
1097 4629 1124 4682 p.
1147 4629 1193 4684 ¹9¹
1213 4631 1270 4684 teq-
