4772 5832
1148 609 1352 662 *¹12
1454 627 1518 675 ¹¹¹¹·¹

618 833 639 904 ‚X
666 783 804 860 Seculo
825 779 972 856 decimo
998 800 1104 858 sexto
1128 784 1313 858 anatomia
1339 785 1464 884 xmagis
1492 787 1638 862 exculta
1669 790 1817 864 multos
1842 815 1985 872 errores
2006 745 2122 898 pro-l

560 923 726 1026 saripsit,
752 919 799 992 de
815 941 984 1018 quorum
999 919 1166 1023 vanitate
1183 935 1290 996 antea
1304 945 1353 996 no
1365 920 1556 996 levissima
1574 921 1732 1022 quidam
1743 924 1932 1004 dubitatio
1943 905 2094 1012 animoa

561 1031 693 1134 subiit.
749 1059 802 1130 Os
819 1051 1110 1148 inmortalitatis
1125 1055 1281 1141 dictum,
1298 1055 1406 1154 quod
1429 1059 1668 1154 superiorum
1687 1063 1902 1174 seculorum
1918 1064 2095 1164 ignorari·
2130 1077 2135 1084 '

562 1197 616 1272 tia
630 1209 785 1279 natum,
810 1189 935 1276 omnis
949 1189 1142 1288 gravitatis
1159 1213 1311 1289 expers,
1340 1215 1468 1288 neque
1490 1193 1599 1290 igne,
1623 1217 1748 1294 neque
1765 1199 1852 1275 aliia
1862 1189 2009 1276 viribus
2025 1202 2097 1276 de-

562 1323 810 1414 struendum,
853 1323 1048 1408 invisibile
1070 1349 1150 1400 essa
1167 1341 1205 1398 et
1226 1325 1337 1424 quasi
1350 1325 1532 1398 nucleum
1554 1323 1691 1404 offerre
1713 1333 1966 1422 statuebatur,
1994 1337 2097 1412 unda

566 1459 871 1536 resurrectionis.
887 1476 1056 1558 tempore
1093 1485 1242 1536 novum
1267 1461 1644 1562 corpusbumanum
1666 1441 1923 1552 excresceret,l
1967 1471 2097 1549 Huius

564 1595 665 1672 ossis
696 1596 924 1682 vanitatem,
964 1619 1082 1692 quam
1110 1594 1195 1692 ipse
1219 1571 1563 1690 Vnsaurus‘aporta
1595 1598 1747 1698 aggredi
1772 1617 1810 1674 et
1840 1603 2099 1682 demonstrare

562 1729 669 1818 baud
684 1753 800 1806 ausus
824 1746 898 1816 est,
920 1727 1100 1826 probavit
1120 1731 1182 1810 Jo.
1196 1727 1513 1821 Rrocaarusiun.

668 1859 743 1935 Sed
763 1877 803 1934 et
822 1860 870 1934 ad
892 1861 989 1936 alios
1006 1883 1151 1934 errores
1173 1860 1433 1938 confutandos
1458 1889 1682 1963 novumque
1704 1867 1838 1944 lumen
1859 1869 2003 1948 morbis
2018 1897 2099 1974 gra·

560 1997 697 2082 vibus,
722 1993 770 2068 de
786 1993 926 2094 quibus
943 1995 1149 2093 loquimur,
1166 1995 1449 2072 accendendum
1464 1998 1608 2072 utiliter
1622 1999 1788 2110 adhibita
1803 2021 1862 2078 est
1877 2007 1951 2080 hoc
1967 2011 2099 2090 seculo
2204 2025 2208 2036 ’

562 2149 754 2210 anatome.
804 2135 906 2204 Nam
919 2131 1040 2206 multa
1060 2131 1154 2206 vitia
1179 2125 1302 2204 cordis
1324 2103 1500 2236 organica
1526 2159 1547 2206 a
1576 2133 1825 2232 scriptoribus
1846 2139 1960 2213 huius
1980 2133 2098 2216 seculi

515 2313 517 2322 ι
566 2262 649 2350 fere
665 2263 849 2342 omnibus
865 2265 1056 2340 subtiliter
1070 2289 1153 2340 esse
1169 2265 1361 2362 explorata
1371 2283 1409 2338 et
1426 2266 1546 2362 probe
1562 2268 1762 2344 diiudicata
1778 2291 1938 2348 constat.
1957 2279 1962 2292 '
1981 2278 2099 2354 cuius

562 2401 793 2492 adsertionis
815 2399 1032 2498 probandae
1054 2423 1184 2476 caussa
1209 2405 1347 2474 Tarra
1371 2399 1399 2471 l.
1425 2422 1459 2472 c.
1488 2398 1610 2474 adfert
1634 2407 1869 2480 Gomorram
1892 2411 2020 2482 Gurnr
2039 2412 2098 2508 ¹⁹),

563 2535 852 2636 coagulationes
865 2535 1067 2634 polyposas
1084 2534 1126 2608 in
1141 2533 1361 2610 ventriculis
1381 2533 1505 2608 cordis
1524 2561 1545 2610 a
1565 2561 1609 2610 se
1626 2537 1798 2612 inventas
1813 2540 2099 2628 describentemr
2225 2603 2232 2612 .

565 2689 609 2746 et
622 2675 700 2742 Nm
729 2669 980 2762 Mastane),
1002 2667 1071 2766 qui
1085 2671 1193 2744 ulcus
1210 2668 1413 2744 ventriculi
1428 2669 1568 2756 dextri,
1592 2673 1777 2770 usquead
1798 2677 1986 2766 valvulas,
2008 2676 2099 2750 iride

522 2898 527 2906 Ι
564 2805 777 2880 destructas
784 2857 796 2892 ,
818 2803 1038 2900 delapsum,
1059 2805 1187 2891 aliud,
1217 2802 1324 2902 quod
1339 2803 1547 2880 auriculam
1565 2805 1737 2880 dextram
1751 2809 1862 2904 plane
1877 2831 2099 2881 consumse-
2192 2895 2201 2910 ⁸

566 2955 647 3028 rat,
667 2937 827 3036 reperit,
861 2937 1029 3036 denique
1054 2939 1260 3014 maximam
1279 2921 1398 3010 etiam
1422 2941 1550 3016 cordis
1574 2942 1847 3038 expansionem
1872 2941 2100 3016 observavit.

532 3045 535 3056 λ
567 3079 771 3152 Vnsanrvs
784 3078 835 3160 ⁸¹)
852 3071 896 3146 in
911 3072 1090 3148 cadavere
1106 3073 1180 3148 viri
1200 3071 1329 3160 docti,
1366 3072 1617 3148 melancholia
1631 3067 1788 3158 adfecti,
1820 3073 1887 3166 qui
1902 3073 1997 3146 mira
2013 3077 2100 3172 pul-

568 3229 637 3286 sua
654 3203 955 3304 perturbatione,
978 3206 1208 3314 tandemque
1222 3208 1340 3282 cruris
1356 3205 1500 3280 sinistri
1514 3226 1724 3304 gangraena
1736 3199 1984 3294 laboraverat,
2006 3209 2100 3284 adeo

568 3343 804 3418 immensam
827 3341 1034 3438 polypum,
1071 3341 1278 3414 ventriculi
1300 3339 1443 3432 sinistri
1461 3339 1667 3412 cavitatem
1687 3340 1914 3438 replentem,
1947 3355 1992 3410 ut
2004 3363 2103 3437 pon·

573 3479 647 3552 dus
662 3474 846 3548 librarum
863 3473 1023 3546 dumam
1043 3489 1242 3572 aequaret,
1275 3489 1495 3570 tantamque
1513 3472 1637 3547 cordis
1653 3471 1916 3546 enormitatem
1931 3473 2103 3550 animad-

572 3609 707 3695 vertit,
732 3625 777 3680 ut
792 3605 840 3680 ad
856 3601 955 3702 uteri
975 3605 1279 3704 magnitudinem
1301 3606 1498 3682 accederet
1549 3607 1657 3682 ldetn
1675 3629 1836 3706 magnus
1858 3609 2101 3692 anatomicus

515 3719 520 3736 ⁸
575 3763 798 3836 sneurysms
820 3755 944 3814 aortae
963 3737 1006 3812 in
1025 3737 1125 3826 viro,
1153 3738 1215 3812 cui
1230 3737 1276 3812 ab
1292 3739 1372 3814 ic'tu
1392 3739 1483 3840 equi
1503 3739 1614 3818 dolor
1634 3745 1838 3818 vehemens
1860 3741 1903 3812 in
1924 3743 2038 3818 dorso
2063 3765 2102 3820 et

574 3899 704 3958 tumor
716 3877 758 3952 in
773 3892 927 3975 pectore
943 3873 1186 3972 pulsanserat
1202 3892 1321 3964 ortus,
1332 3871 1561 3951 observavit
1609 3875 1686 3950 Sed
1700 3875 1797 3947 nolo
1811 3872 1954 3948 diutius
1968 3901 2100 3974 presso

571 4013 671 4116 pede
691 4011 798 4112 sequi
814 4007 939 4090 celeb.
959 4013 1152 4099 Tartaro,
1173 4007 1241 4082 sed
1252 4009 1382 4108 potius
1392 4063 1404 4099 ,
1420 4009 1583 4084 omissis
1597 4001 1710 4108 quam
1724 4007 1899 4106 plurimis
1912 4010 2103 4108 scriptori·

633 4203 638 4216 a

572 4235 814 4262 ψ

609 4366 660 4439 ²9)
681 4367 725 4418 De
740 4373 827 4420 curos.
843 4359 939 4417 merob.
953 4355 986 4416 lt.
1004 4311 1125 4416 vute.
1145 4357 1185 4414 ιδ.
1206 4377 1234 4426 p.
1255 4355 1316 4412 sto.
1332 4357 1375 4412 ed.
1395 4359 1518 4412 Francos.
1539 4355 1612 4410 262⁶.

608 4467 661 4537 50)
678 4469 766 4522 Artos.
786 4465 833 4519 lib.
850 4464 949 4518 insted.
967 4481 991 4515 a.
1008 4463 1097 4516 xxtl.
1114 4463 1156 4515 ed.
1178 4462 1272 4514 veriet.
1293 4459 1368 4532 1559.

537 4640 541 4648 ἱ
608 4569 667 4644 51)
681 4573 726 4627 De
742 4588 813 4642 corp.
829 4569 903 4622 bum.
921 4563 995 4638 fodr.
1011 4567 1043 4620 la.
1059 4565 1106 4618 Vl.
1125 4581 1151 4616 a.
1170 4563 1212 4616 al.
1226 4580 1254 4632 p.
1271 4560 1332 4616 515.
1350 4561 1392 4616 etl.
1409 4561 1510 4615 Albini.
