4772 5832
884 617 935 664 -,·
1038 603 1083 678 41
1188 597 1296 644 -‘·

297 785 452 862 riculosi
473 785 584 860 fiunt.
636 779 814 858 Anxietss
838 783 937 880 enim
957 783 1001 857 in
1020 802 1218 882 syncopen
1242 779 1397 868 transit,
1423 781 1731 882 aegrotusbaud
1754 806 1833 858 am·

261 1005 269 1016 ⁸
295 923 398 1021 plius
430 920 491 993 sui
516 917 780 1008 consciusest,
823 941 1008 1018 sensuum
1025 934 1271 992 externorum
1288 934 1326 990 et
1349 915 1611 990 musculorum
1626 918 1753 991 motui
1772 917 1830 1024 in·
1871 1011 1874 1022 ι

297 1055 544 1162 servientium
560 1043 692 1130 officie·
706 1049 935 1128 destituitur.
987 1055 1062 1127 llic
1074 1069 1203 1160 umen
1220 1068 1464 1151 aegrotorum
1480 1067 1600 1124 status
1616 1051 1717 1124 haud
1731 1075 1829 1125 sem·

293 1217 362 1292 per
379 1191 612 1276 observatur,
626 1187 707 1264 'sed
724 1186 913 1262 interdum
928 1189 970 1262 in
988 1189 1077 1286 ipso
1099 1175 1228 1260 mbrbi
1244 1209 1394 1262 accessu
1410 1177 1829 1261 vehementissima'an·
1942 1259 1946 1266 ,

241 1297 247 1312 .
292 1329 434 1402 xietste
449 1323 723 1426 excruciantur,
749 1323 858 1422 quasi
875 1324 1039 1398 criminis
1054 1321 1279 1428 atrocissimi
1300 1322 1503 1420 perpetrati
1517 1320 1625 1394 furiis
1640 1319 1829 1418 exagitem

171 1442 177 1454 ⁸
293 1481 367 1536 tur.
419 1461 556 1534 Pulsus
572 1455 682 1530 valde
697 1455 831 1532 debilis
848 1476 906 1532 est
921 1459 1192 1556 vixqueftactu
1213 1455 1494 1555 percipiendum
1524 1453 1687 1554 frigidus
1709 1453 1830 1530 sudor
1930 1548 1935 1557 1

295 1619 456 1670 omnem
476 1592 648 1690 corpotis
672 1591 816 1690 obtegit
839 1589 1076 1688 superficiem
1081 1615 1096 1694 3
1134 1607 1247 1689 caput
1271 1607 1489 1666 antrorsum
1504 1591 1730 1664 inclinatum
1759 1607 1827 1676 est,

291 1729 404 1804 facies
419 1729 547 1824 pallet.
598 1695 701 1823 Quae
715 1727 869 1824 quidem
888 1745 1139 1824 symptomata
1161 1723 1361 1825 aegrotum
1383 1750 1451 1821 per
1472 1726 1622 1823 aliquot
1641 1723 1826 1824 temporit

290 1879 500 1948 momenta,
519 1860 711 1939 interdum
729 1883 797 1956 per
812 1861 964 1950 horam,
990 1883 1059 1960 per
1077 1861 1170 1935 duas
1186 1861 1295 1946 adeo,
1320 1861 1417 1934 male
1441 1857 1596 1940 habent.
1644 1859 1825 1934 Nonnul-

290 1999 339 2070 lis
354 2021 491 2072 nautea
514 1997 649 2084 simul,
692 1996 775 2068 aliis
800 1998 971 2070 vomitus
993 2012 1184 2070 movetur.
1254 1995 1621 2085 Cessanteinsultu,
1661 1993 1702 2070 id
1718 1981 1825 2092 quod

297 2131 440 2226 stituuli
457 2131 633 2204 volatiles
651 2135 696 2202 et'
709 2145 828 2225 potus
840 2125 1026 2204 roborans
1042 2129 1084 2202 in
1108 2129 1299 2226 plerisque
1312 2131 1439 2202 solent
1452 2131 1704 2226 promovere,
1726 2127 1827 2200 mul·

255 2311 262 2322 ·
296 2283 380 2338 tum
395 2242 488 2338 airis
507 2285 595 2340 cum
611 2289 681 2362 per
694 2263 901 2360 superiora,
920 2279 1004 2336 tum
1019 2281 1088 2361 per
1110 2262 1291 2349 inferiora
1311 2264 1531 2360 expellitur,
1556 2263 1660 2360 unde
1679 2263 1842 2362 aegroti

292 2421 410 2496 aequa
432 2423 475 2474 ac
497 2425 567 2498 per
587 2401 665 2476 alvi
679 2397 915 2472 excreti'ones
938 2399 1148 2494 plurimum
1175 2399 1364 2474 levantur.
1431 2400 1619 2474 Videntur
1637 2400 1733 2473 adeo
1754 2423 1822 2498 per
1865 2407 1876 2464 .“

291 2535 439 2632 aliquot
455 2513 682 2630 sepiimattas
696 2543 882 2628 prospero}
898 2534 956 2606 uti
977 2535 1217 2622 valetudine,
1256 2535 1322 2623 ita,
1349 2536 1450 2609 utin
1473 2536 1530 2610 his
1550 2535 1678 2610 liberis
1708 2533 1822 2606 inter·
1842 2603 1844 2610 ,

209 2723 215 2731 -
285 2655 399 2744 vallis
416 2668 464 2738 ad
478 2645 1027 2766 summum-hypochondriaco
1047 2671 1150 2742 malo
1169 2667 1363 2760 laborare,
1405 2670 1477 2746 sibi
1496 2671 1655 2766 aliisque
1670 2693 1822 2766 persua·

288 2804 421 2890 deant,
461 2799 584 2874 donec
604 2801 869 2874 vehementior
894 2801 1064 2900 insultus
1083 2804 1199 2878 vitam
1219 2802 1391 2900 ipsorum
1408 2805 1512 2904 prius
1534 2803 1661 2894 firriat,
1702 2795 1840 2902 quam'

286 2935 489 3040 periculosi
509 2933 635 3008 morbi
657 2935 906 3032 praesentiam
927 2937 1168 3034 suspicentur
1184 2935 1265 3034 ¹⁶⁷).-

386 3115 582 3215 Interdum
598 3117 730 3192 versus
745 3119 848 3193 vitae
862 3101 978 3194 finem
994 3121 1161 3198 insultus
1177 3142 1214 3198 et
1231 3107 1434 3198 debiliores
1451 3141 1489 3198 et
1511 3125 1671 3198 maiores
1696 3117 1815 3194 anim·
1863 3115 1870 3129 ⁸

286 3255 553 3338 advertuntur,
575 3251 833 3348 respirationis
859 3257 1047 3330 molestiis
1074 3281 1223 3356 semper
1235 3253 1534 3335 remanentibus.
1584 3259 1662 3334 Alii
1680 3259 1722 3329 in
1741 3255 1816 3328 hoc

285 3387 411 3466 morbi
427 3385 551 3460 stadio
572 3385 796 3460 vehemente
805 3389 900 3462 tussi
915 3387 1161 3477 vexabantur,
1174 3393 1327 3466 neonisi
1338 3395 1459 3491 capite
1482 3395 1648 3466 multum
1666 3395 1813 3465 elevato

284 3539 459 3624 poterant
475 3517 623 3592 cubare.
673 3519 776 3592 Alios
794 3521 895 3594 haud
912 3523 1117 3622 superanda
1142 3523 1183 3596 in
1209 3551 1390 3600 somnum
1406 3531 1614 3628 propensio
1631 3527 1728 3600 male
1751 3527 1815 3598 ba·
1890 3575 1897 3584 -

282 3658 418 3746 bebat,
459 3673 497 3729 et
518 3637 695 3754 soporosi
720 3649 809 3726 facti
834 3658 1032 3770 apoplexia
1059 3657 1311 3758 rapiebantur.
1362 3645 1573 3737 Nonnullis
1594 3665 1694 3738 latus
1713 3659 1815 3762 sini·

284 3815 404 3871 strum
420 3786 589 3864 motibus
606 3784 879 3884 palpitantibus
895 3765 1132 3884 concutitur,
1163 3799 1286 3894 quiin
1306 3797 1442 3872 dextro
1457 3800 1573 3872 latere
1589 3799 1718 3871 minus
1737 3819 1813 3868 ma·

282 3927 412 4004 nifesti
427 3943 530 4005 sunt.
581 3929 626 3998 ln
642 3923 868 3998 universum
894 3923 1088 4003 brachium
1103 3931 1299 4016 sinistrum
1316 3933 1451 4010 dextro
1473 3933 1735 4013 vehementius
1752 3929 1813 4004 ad·

281 4063 344 4138 fici
359 4059 521 4138 videtur.

385 4243 500 4344 Quod
515 4243 592 4320 iam
608 4245 650 4318 in
672 4244 976 4322 antecedentibus
990 4247 1178 4325 monitum
1194 4267 1269 4340 est,
1304 4253 1433 4330 omnia
1451 4255 1542 4334 baec
1556 4265 1809 4354 symptomata

280 4461 523 4502 ,......-...

231 4601 235 4608 ’
293 4578 297 4589 ’
316 4572 382 4666 ιθῂ
397 4593 477 4648 Com.
493 4611 532 4662 cr,
552 4609 618 4662 quac
635 4593 738 4648 illustr.
754 4593 943 4652 xantum·
961 4595 995 4652 de
1013 4597 1104 4652 cordis
1119 4601 1189 4655 vitiis
1206 4559 1273 4658 tiroli
1290 4603 1520 4675 bypaehoadriacl
1537 4608 1635 4659 muttit
1655 4607 1807 4680 disputarit·

1410 4715 1440 4784 t
