4772 5832
1171 589 1247 666 ·.··.'
1328 583 1390 668 to'
1472 633 1553 698 v·

566 821 572 828 ·
644 859 647 866 ⁴
685 793 869 872 Barbaros
887 791 941 868 sic
958 789 1083 870 dictos
1100 791 1216 867 medii
1238 793 1321 866 aevi
1345 793 1546 890 scriptores
1559 789 1717 868 silentio
1741 799 2009 891 praetermitto.

689 973 817 1063 Quum
835 963 962 1035 secedo
976 961 1127 1034 decimo
1139 979 1273 1059 quarto
1288 963 1500 1035 anatomine
1508 963 1690 1052 studium,
1701 954 2018 1065 aeodhacusque
2031 968 2113 1040 sine
2168 1037 2171 1043 .

585 1101 815 1178 cadaverum
832 1095 1063 1170 sectionibus
1080 1119 1100 1168 e
1117 1097 1201 1168 solo
1222 1101 1392 1170 Gannico
1414 1097 1653 1169 hauriebatur
1661 1105 1680 1184 ,'
1712 1105 2010 1176 nnnclaetiorcs
2029 1097 2113 1199 p'ro·
2133 1128 2140 1138 ·

584 1259 736 1337 gressus
764 1229 922 1313 faceret,
969 1229 1192 1326 corporibus
1227 1233 1400 1304 humanis
1434 1218 1733 1306 anatomioolam
1759 1237 1880 1308 cultro
1910 1237 2115 1324 subiactis‚‘

480 1453 493 1478 Ἃ
585 1369 709 1466 coepit
733 1355 888 1464 quoque
910 1361 1175 1464 morbosarum
1192 1367 1360 1462 corporis
1378 1367 1532 1438 hnmani
1547 1369 1711 1463 partium
1727 1369 1916 1468 indagatio
1939 1371 2114 1470 frequen·
2160 1389 2165 1399 ·
2214 1427 2220 1438 .

585 1507 663 1578 tior
690 1501 795 1574 fieri:
842 1506 945 1572 Inter
975 1499 1174 1594 scriptores
1199 1499 1313 1574 hnina
1342 1501 1525 1596 temporis
1552 1504 1787 1577 mentionem
1817 1503 1915 1578 facio
1938 1507 2112 1602 inprimis

585 1647 791 1716 Munnrnrr
807 1607 875 1728 Ιθ’,
902 1631 1132 1706 Professoris
1156 1634 1435 1721 Bononiensis,
1480 1661 1595 1733 qnam
1614 1657 1760 1711 constat
1776 1665 1878 1712 anno
1895 1645 2113 1740 MCCCXV.

584 1777 753 1873 primum
771 1767 846 1840 duo
867 1791 1026 1864 corpora
1047 1767 1246 1840 muliebria
1271 1785 1308 1840 et
1328 1771 1481 1842 tertium
1499 1753 1601 1845 anno
1620 1777 1859 1850 MCCCXVI.
1883 1771 2032 1868 publice
2056 1775 2113 1848 in·

587 1909 748 2006 cidisse,
796 1921 908 2000 atque
922 1901 964 1976 in
979 1925 1046 1974 sua
1062 1917 1258 1990 anatome,
1283 1929 1385 2000 quae
1401 1921 1552 1992 ,tantam
1573 1929 1643 1978 sno
1665 1895 1844 2003 tempore
1857 1907 2116 1979 auctoritatem

586 2045 717 2140 adepta
733 2055 804 2126 cst,
829 2055 871 2110 ut
888 2035 1037 2135 legibus
1053 2052 1258 2122 caveretur,
1273 2061 1323 2108 ne
1338 2021 1605 2134 praelectiones
1621 2041 1853 2114 anatomicos
1870 2065 1981 2136 super
1997 2042 2114 2116 alium

585 2179 749 2263 librum,
782 2195 894 2272 quam
923 2195 1036 2266 snper
1058 2171 1178 2258 hunc,
1215 2153 1468 2258 haberentur,
1495 2174 1541 2246 de
1556 2173 1698 2247 morbis
1716 2173 1840 2247 cordis
1855 2193 1967 2272 atque
1983 2199 2117 2250 eorum

586 2315 725 2413 signia,
746 2311 792 2380 de
808 2311 985 2404 passione
1000 2307 1195 2427 cndiaea,
1207 2305 1491 2404 inquietudine,
1525 2311 1771 2407 palpitatione
1787 2328 1854 2386 etc.
1878 2333 2047 2386 necnon
2069 2313 2115 2384 de

586 2445 920 2546 periculomagnn
940 2441 1029 2516 inde
1050 2441 1237 2530 oriundo,
1265 2445 1388 2517 claris
1414 2439 1541 2518 verbis
1567 2431 1815 2540 exposuisse·
1850 2446 1962 2544 erod
1986 2447 2114 2518 seculo

588 2581 737 2653 decimo
758 2587 892 2676 quarto
909 2595 1088 2674 coeptum
1111 2597 1190 2665 est,
1225 2578 1280 2677 'id
1305 2579 1420 2678 magis
1441 2579 1609 2650 excoluit
1633 2577 1925 2678 diligentiusque
1946 2603 2111 2676 persecu·

496 2695 501 2714 ⁸
588 2735 673 2788 turn
691 2729 747 2786 est
775 2714 946 2786 seculum
966 2737 1137 2810 sequens.
1190 2721 1289 2786 Nam
1305 2715 1394 2800 illo,
1417 2713 1481 2809 qai
1499 2709 1682 2784 florebant
1699 2717 1914 2811 scriptores,
1941 2713 2113 2808 frequen·

585 2868 644 2924 ter
673 2847 925 2921 observarunt
957 2871 1177 2946 syncopen,
1220 2849 1344 2922 cordis
1378 2847 1664 2944 palpitationem
1691 2841 1837 2947 aliaque
1855 2839 2111 2932 incommoda,

587 3008 704 3084 quae,
731 2987 866 3054 Tnsra
881 2999 995 3067 teste,
1021 2983 1255 3055 hauddubie
1277 2977 1510 3055 sectionibus
1535 2981 1659 3052 edocti
1678 2981 1888 3074 precordia
1912 2971 2138 3074 idiopatlri?

588 3122 642 3192 cis
660 3113 803 3189 morbis
820 3113 1044 3198 habuerant.
1097 3118 1157 3189 Sic
1172 3123 1310 3188 tonna
1339 3105 1588 3190 Aacueanus
1605 3117 1654 3204 ι4)
1671 3133 1787 3182 venae
1814 3110 1979 3182 sectione
1996 3113 2115 3186 animi

589 3251 761 3349 deliquio
776 3265 889 3346 atque
900 3247 1104 3345 periculis.
1131 3273 1177 3321 ex
1195 3249 1493 3323 inflammatione
1510 3267 1545 3322 ot
1558 3243 1830 3342 suppuratione
1848 3243 1967 3316 cordis
1985 3247 2115 3320 oriun-

589 3387 668 3474 dis,
691 3384 866 3459 occurrit.
917 3387 1038 3455 Huoo
1056 3391 1243 3456 anrrus
1261 3389 1322 3475 ²⁵),
1350 3385 1524 3460 Senensis
1540 3381 1669 3478 patria,
1693 3377 1890 3453 Professor
1906 3383 2117 3454 Ferrarien·

586 3525 648 3608 sis,
674 3536 800 3593 narrat
813 3517 938 3590 morbi
955 3518 1162 3604 historiam,
1187 3519 1326 3613 inquo
1347 3515 1417 3588 sub
1444 3515 1635 3588 debilitate
1658 3513 1860 3592 universali
1886 3513 1930 3590 in
1951 3531 2115 3613 utroque

587 3657 743 3730 brachio
759 3655 893 3750 pulsus
908 3651 1142 3748 aliquamdiu
1158 3653 1270 3748 plane
1288 3649 1494 3752 deficiebat,
1535 3649 1751 3722 Aaronrus
1770 3652 2034 3721 czanrsoaus
2050 3649 2112 3740 ⁸⁶),

506 3775 522 3886 J
587 3791 786 3896 Professor
809 3788 1020 3865 Ticinensis
1040 3805 1082 3864 et
1113 3786 1312 3860 Paduanus
1322 3837 1336 3874 ,
1378 3785 1639 3858 vehementem
1667 3779 1790 3854 cordis
1815 3781 2112 3876 palpitationem,

590 4139 596 4146 .
620 4164 669 4234 ὦ)
689 4127 875 4218 Andromede.
891 4160 953 4213 XX.
973 4160 1068 4212 venet.
1089 4155 1214 4226 tiabit
1249 4156 1373 4208 nautea.
1395 4147 1460 4202 titt.
1478 4157 1555 4200 onae.
1575 4159 1611 4200 to.
1637 4163 1658 4198 t.
1677 4165 1703 4215 p.
1725 4147 1781 4200 teti.
1802 4147 1868 4218 haue
1892 4149 2036 4206 editionem
2053 4171 2112 4204 rna.
2201 4211 2204 4220 ι

656 4269 727 4320 xima
749 4269 836 4317 forma
854 4265 985 4332 prodiisse
1004 4265 1070 4312 falco
1092 4260 1239 4310 contendit.

619 4369 676 4442 aa)
693 4373 793 4440 Brpoe.
811 4370 841 4422 io
857 4366 903 4420 lid.
920 4365 1025 4418 Ildazt's
1042 4381 1141 4416 maura
1158 4363 1196 4413 ad
1211 4359 1401 4414 Almoororem
1416 4373 1443 4424 p.
1458 4351 1519 4408 505.
1533 4353 1574 4408 ed.
1594 4341 1689 4406 berit!
1701 4352 1774 4408 rato.

624 4473 672 4542 25)
688 4473 786 4525 Camil.
802 4473 820 4522 l'.
840 4485 881 4538 27.
901 4468 927 4518 d.
946 4467 987 4518 28⁴
1003 4485 1026 4516 a.
1052 4466 1095 4514 ed·
1112 4465 1205 4514 Vener.
1228 4460 1302 4510 1518.

623 4577 672 4648 nd)
696 4573 795 4628 Cotuid.
817 4574 835 4626 l'.
854 4571 893 4623 til.
916 4569 942 4618 d.
961 4579 987 4618 et
1004 4569 1022 4618 l.
1041 4582 1082 4617 20.
1106 4583 1129 4617 c.
1152 4565 1193 4616 etl.
1210 4565 1303 4614 venat.
1325 4559 1399 4612 1518.
