4772 5832
1166 587 1524 674 '¹¹25'-

559 797 673 872 ‘ierre
687 788 806 872 litem,
836 807 951 884 quem
964 779 1186 858 Haterius
1199 783 1584 868 “balonensem
1602 781 1796 862 deflexisse
1810 785 1851 860 in
1875 811 1921 860 ρο
1938 806 2108 882 tegatur,

577 927 683 1030 quod
700 939 865 1024 negaret,
876 919 1015 1019 partim
1023 916 1134 993 fibras
1150 919 1289 993 molles
1306 919 1348 990 in
1364 917 1475 990 duras
1494 940 1562 993 seu
1581 942 1706 1010 osseas
1727 921 1845 1014 abire¹
1868 925 2005 1023 partim
2022 951 2114 1004 ossa·
2209 897 2220 904 ⁵

574 1087 665 1138 vera
682 1085 763 1136 esse
779 1061 844 1132 illa
864 1079 1045 1155 corpora,
1078 1053 1216 1152 quibus
1233 1072 1382 1128 osseam
1400 1068 1575 1126 naturam
1590 1053 1822 1146 tribuimus,·
1853 1061 1994 1159 quippe
2012 1085 2109 1160 quae
2173 1060 2175 1072 ¹
2237 1096 2241 1110 .

575 1211 726 1277 careant
742 1213 779 1270 et
800 1217 980 1270 verorum
999 1190 1146 1264 ossium
1168 1188 1329 1274 fabrica,
1357 1203 1398 1260 et
1415 1187 1518 1276 aliis,
1557 1214 1654 1286 quae
1675 1191 1825 1268 ossibus
1841 1196 1993 1294 propria
2013 1197 2110 1307 eines¹
2221 1221 2232 1238 ·

574 1335 706 1434 potius
724 1353 837 1432 grana
861 1325 1046 1425 quaedam
1063 1325 1194 1423 posuit
1215 1341 1332 1396 terrea
1356 1339 1395 1396 ot
1420 1347 1576 1427 gypsea.
1616 1351 1711 1422 quae
1733 1325 1786 1399 ita
1812 1328 2009 1426 descripsit
2017 1347 2042 1418 ,“
2066 1346 2110 1402 ut

575 1469 678 1543 idem
697 1467 770 1540 iem
788 1463 1009 1538 observasse
1023 1459 1215 1546 videatur,
1245 1437 1351 1558 quod
1366 1463 1590 1533 Haurnnus
1613 1479 1704 1558 post
1726 1463 1838 1554 illum
1853 1464 2059 1562 descripsit.

682 1609 726 1674 G.
748 1605 793 1674 V.
808 1605 1226 1680 Jaeeansouatrnarus
1246 1593 1321 1682 ¹⁹⁶),
1345 1594 1413 1694 qui
1428 1597 1740 1668 Boanuaavtura
1757 1619 1908 1696 quoque
1926 1599 2112 1696 sequitur,

563 1731 784 1836 ‚contendit
802 1727 902 1802 haud
917 1751 1052 1801 omnes
1067 1709 1240 1824 eorporis
1261 1747 1387 1826 partes
1404 1729 1473 1802 tali
1490 1728 1533 1802 in
1549 1751 1698 1804 osseam
1723 1731 1969 1804 substantiam
1990 1749 2109 1806 trans·

576 1865 784 1946 mutationi
799 1879 902 1962 eptas
915 1861 1042 1948 nasci,
1083 1861 1150 1934 sed
1170 1863 1306 1936 solum
1325 1865 1428 1950 illas.
1463 1887 1559 1961 quae
1582 1863 2059 1976 aprimaeva'fopmatioue
2074 1885 2112 1940 et

574 1999 785 2080 nativitatis
809 1995 1029 2096 primordiis
1051 1995 1345 2096 dispositionem
1375 1998 1565 2096 quendam
1594 1999 1641 2077 ad
1659 2001 1755 2072 hanc
1785 2001 2111 2097 metamorphosin

578 2135 818 2218 subeundam
834 2148 943 2208 nacta
957 2129 1113 2206 fuerint.
1128 2171 1181 2193 -
1230 2136 1341 2206 Hauc
1356 2132 1473 2232 igitur
1488 2129 1784 2206 ossificationem
1800 2133 1867 2231 vir
1885 2133 1987 2206 aliud
2004 2136 2112 2232 quid·

576 2277 680 2380 piam
703 2293 804 2358 esse,
842 2287 960 2367 quam
979 2265 1315 2340 continuationem
1340 2265 1506 2364 negotii,
1540 2267 1602 2338 oui
1617 2283 1750 2345 natura
1765 2291 1833 2364 per
1846 2291 1988 2343 novem
2005 2295 2112 2344 men·

576 2435 635 2488 tes
649 2411 727 2482 iam
742 2409 784 2480 in
805 2422 915 2478 utero
932 2401 1122 2478 vacaverit
1135 2417 1328 2487 materno,
1347 2399 1445 2473 dum
1458 2399 1591 2498 liquor
1606 2402 1716 2474 ovuli
1734 2423 1818 2474 non
1831 2401 2047 2478 immediate
2068 2406 2112 2482 iu

575 2569 644 2636 os,
704 2539 771 2616 sed
795 2539 968 2636 primum
986 2538 1028 2610 in
1055 2535 1361 2623 amentatum.
1407 2551 1477 2608 aut
1505 2535 1766 2634 cartilaginem
1801 2535 2111 2626 transformetur,

577 2699 616 2758 et
630 2680 807 2760 demum,
828 2674 891 2748 bit
908 2653 1188 2749 mutationibus
1203 2669 1442 2772 praegressis,
1463 2693 1618 2746 osseam
1633 2671 1770 2744 induat
1783 2689 1969 2748 naturam.
1996 2673 2111 2750 Haud
2157 2683 2164 2694 ’

575 2811 793 2894 mirandum
811 2825 943 2882 autem
960 2831 1059 2894 esse,
1088 2806 1197 2906 quod
1215 2824 1349 2880 natura
1362 2807 1467 2878 laune
1478 2803 1747 2882 ossifieationis
1761 2831 2001 2904 processum,
2024 2827 2116 2909 post
2156 2873 2170 2890 .

576 2953 735 3050 longam
763 2945 1104 3036 intermissiopem‚
1149 2941 1225 3016 sub
1246 2943 1429 3016 ultimum
1448 2941 1553 3016 aitte
1578 2959 1733 3040 tempus
1755 2941 2000 3045 redintegrata
2041 2945 2114 3020 hoo

579 3087 682 3162 etaim
699 3077 985 3154 adscribendum
1000 3077 1124 3152 videri
1138 3075 1385 3178 dispositioni
1399 3077 1629 3164 humorum,
1664 3076 1734 3174 qui
1750 3094 1868 3150 aetate
1889 3077 2001 3152 senili
2016 3103 2113 3154 eras·

483 3301 486 3308 ,
581 3222 634 3310 si,
655 3214 812 3302 viseidi,
840 3213 1013 3311 lautique
1036 3213 1127 3286 sint
1246 3273 1257 3302 ,

682 3347 951 3426 staacnaaes'
968 3355 1033 3436 ²⁸⁷)
1054 3371 1073 3418 a
1097 3347 1246 3420 ratione
1259 3347 1487 3445 haud-plane
1512 3345 1682 3418 alienum
1695 3365 1820 3444 putat,
1854 3369 2006 3434 senum,
2033 3347 2117 3446 qui·

577 3493 650 3568 bus
667 3478 911 3588 potissimum
926 3479 1131 3558 ossifioatio
1146 3482 1475 3580 praeternaturalia
1499 3481 1663 3570 accidat,
1705 3483 1932 3582 sanguinem
1955 3484 2116 3580 particu-

584 3627 634 3700 lis
653 3623 799 3697 salino·
810 3617 1048 3692 terrestribus
1069 3617 1309 3716 viscosisque
1324 3614 1427 3690 haud
1437 3641 1576 3714 parum
1593 3643 1677 3694 esse
1690 3599 1897 3705 onustum,
1923 3619 2116 3718 partisque

581 3763 626 3834 in
649 3781 695 3832 os
712 3753 916 3830 mutandae
931 3753 1086 3850 porulos
1108 3750 1353 3852 inorganicos
1370 3751 1586 3848 immutari,
1621 3774 1665 3829 et
1677 3753 1839 3835 fortasse
1862 3754 1961 3825 ultra
1978 3751 2117 3826 diame·

578 3915 684 3970 trum
695 3891 908 3966 naturalem
925 3885 1085 3975 dilatari,
1103 3887 1205 3960 unde
1224 3887 1314 3960 illae
1329 3887 1534 3984 particulae
1546 3889 1671 3962 salino
1683 3905 1902 3968 -terrestres
1921 3889 1963 3962 in
1977 3889 2115 3962 maiori

585 4029 695 4130 copia
711 4051 779 4126 per
793 4027 882 4100 illos
899 4022 1142 4112 traiicitntur‚
1165 4023 1413 4122 traiectaeque
1435 4023 1632 4124 sanguinis
1652 4024 1847 4139 pressione
1873 4030 2010 4102 arctius
2032 4025 2115 4108 uui·

583 4251 823 4282 μ

618 4383 681 4454 125)
698 4384 791 4452 Propi.
809 4379 843 4432 de
857 4375 1049 4446 oasifiwtiom,
1070 4385 1102 4430 ut
1114 4383 1229 4440 vomat,
1242 4373 1485 4448 praeternaturab'.
1506 4373 1584 4428 Gott.
1609 4375 1684 4450 ¹749<

621 4487 680 4556 aab)
697 4487 767 4538 Dias.
789 4481 822 4534 de
836 4479 1019 4550 otaifieotiooe
1026 4479 1268 4550 presumeret.
1291 4477 1402 4549 Argeut.
1425 4493 1501 4550 ¹7²⁰?

595 4580 599 4593 ¹
626 4591 684 4660 ης)
701 4591 792 4656 l'rogr.
811 4605 890 4656 supra
908 4585 1026 4639 laudato.
1125 4624 1129 4634 .
