4772 5832
860 615 1329 704 -as···.

255 805 308 880 113
331 799 415 889 ¹⁶¹),
458 795 588 872 wsabito
615 796 656 870 in
681 813 811 895 pactus
828 793 1027 884 irruentis,
1063 817 1226 893 eumque
1252 794 1445 872 interdum
1468 811 1513 874 eo'
1535 805 1794 884 vehementiae

256 959 502 1042 progressum
522 933 738 1008 observavit
754 937 928 1004 laamas
952 928 1040 1026 ²⁶⁸),
1081 948 1126 1005 ut
1150 933 1294 1032 aegroti
1311 957 1383 1006 nee
1398 934 1636 1014 levissimum
1652 937 1800 1023 indusii

259 1092 477 1152 contactum
501 1069 663 1144 tolerare
695 1069 864 1165 possent
925 1066 1123 1182 Interdum
1138 1084 1283 1174 ⁴pectus
1317 1069 1520 1164 punctorio
1548 1097 1663 1148 sensu
1694 1079 1794 1158 infra

257 1218 431 1286 sternunt
448 1205 494 1281 ab
512 1204 691 1278 anteriori
705 1175 871 1276 moratis
892 1183 1149 1299 partaverunt
1169 1201 1378 1298 posteriora
1391 1203 1585 1296 traiicitur,
1610 1227 1676 1284 aut
1691 1213 1793 1290 simi·

201 1429 209 1446 ⁸
259 1345 308 1418 lis
326 1343 439 1416 dolor
463 1340 621 1414 firmiter
642 1341 770 1412 haeret
797 1333 872 1410 sub
898 1337 1036 1435 papilla
1060 1317 1230 1426 sinidtra,
1266 1333 1429 1435 indeque
1459 1363 1592 1417 versus
1621 1351 1793 1445 scapulas
1820 1401 1826 1418 ἶ

260 1495 372 1576 atque
387 1478 544 1572 doraum
566 1476 713 1574 migrat.
766 1447 1057 1572 Nonnunquam
1071 1476 1258 1584 molestus
1274 1472 1436 1570 aegrotis
1454 1493 1522 1563 est,
1548 1485 1806 1562 Karrasrcro'

259 1633 300 1710 p.
321 1629 405 1700 341.
428 1629 545 1700 teste,
569 1596 898 1696 consacerdotis,
929 1627 1113 1707 tanquam
1129 1633 1149 1681 a
1167 1607 1396 1682 carbonibus
1412 1607 1661 1706 ardentibus,⁴
1675 1641 1792 1715 quem

261 1751 486 1821 Baannuus
512 1769 670 1842 quoque
683 1737 837 1818 iamiam
854 1744 897 1818 in
915 1741 1101 1818 eiusmodi
1128 1742 1290 1841 aegrotis
1308 1741 1613 1840 observavieffit).
1640 1753 1792 1824 convr-

261 1903 412 1953 saurus
429 1877 497 1972 ¹⁶⁵)
519 1895 672 1963 narrat‚·
703 1863 861 1976 aegrotis
889 1847 1079 1965 eiusmodi
1093 1875 1234 1966 videri,
1267 1875 1440 1974 inprimis
1466 1853 1600 1954 versus
1623 1881 1791 1960 insultus

204 2049 209 2058 ⁴
262 2011 398 2100 finem,
438 2014 546 2112 quasi
560 2015 700 2086 humor
715 2011 871 2108 quidam
889 2012 931 2086 vi
946 2013 988 2084 in
1001 2011 1164 2110 pectoris
1185 2009 1626 2110 cavitateprotrudatur,
1665 2019 1726 2115 cui
1743 2019 1793 2094 si.
1902 1995 1906 2002 ⁸

268 2151 355 2224 mile
378 2149 470 2248 quid
492 2155 520 2222 1.
538 2156 714 2222 Bararus
736 2143 800 2240 ¹⁶⁶)
821 2144 1065 2220 observavit:
1105 2171 1195 2218 nam
1222 2145 1366 2244 aegroti
1391 2145 1647 2244 percipiebant
1662 2131 1794 2253 strepiss

266 2299 350 2356 tum
369 2283 577 2380 quendam,
604 2281 756 2379 qualern
774 2303 913 2379 corpus
930 2279 1396 2379 aquaeimmissuma010t
1414 2280 1593 2371 excitare,
1625 2287 1791 2388 euinque
1893 2355 1894 2362 ,

265 2416 378 2492 etiam
393 2419 476 2506 alii,
505 2417 574 2514 qui
598 2416 814 2503 adstabant,
841 2415 970 2492 audire
986 2421 1172 2515 poterant.
1226 2425 1503 2506 conversurus
1519 2427 1673 2519 quoque
1687 2439 1791 2496 tactu

262 2551 490 2648 peculiarem
505 2569 657 2626 motum
674 2555 716 2626 in
730 2541 897 2656 pectore,
927 2555 1077 2651 qualem
1105 2551 1266 2626 liuidum
1296 2575 1464 2625 craaaum
1484 2551 1793 2658 subebullitione

262 2685 399 2772 habet,
420 2687 749 2762 animadvertebat.
800 2694 937 2782 Erper.
954 2693 1192 2760 Canurrrus
1215 2685 1310 2760 mihi
1326 2684 1373 2758 de
1395 2683 1537 2758 femina
1554 2691 1791 2788 sexagenaria
1850 2775 1854 2784 ¹

265 2819 455 2900 narravit,
483 2841 578 2914 quae
595 2787 1128 2906 eunden'habetataensam,
1154 2818 1264 2918 qua'si
1278 2821 1427 2907 thorax,
1448 2819 1495 2892 ab
1510 2803 1713 2896 abdomine
1736 2815 1796 2899 re·
1850 2851 1854 2858 ·

266 2969 405 3041 sectus,
433 2953 523 3024 huic
539 2969 687 3028 tanturn
705 2953 840 3028 leviter
855 2925 1060 3051 impositus
1077 2967 1196 3041 esset,
1218 2946 1341 3052 'atque'
1353 2955 1493 3051 quovis
1508 2958 1692 3054 temporis
1708 2983 1792 3034 mo·

265 3101 399 3161 mento
414 3087 537 3162 delabi
560 3088 778 3175 minaretur,
804 3087 907 3162 unde
923 3089 1253 3167 vehementissima
1267 3089 1343 3186 ipsi
1356 3088 1523 3162 araxietaa
1541 3087 1792 3202 oboriebatur.

176 3301 193 3308 q
267 3225 372 3318 Quae
394 3219 549 3318 quidem
563 3237 817 3320 symptomata
840 3223 969 3296 omnia
985 3245 1031 3299 ex
1046 3223 1269 3296 difficultate
1288 3241 1377 3295 sunt
1390 3223 1602 3317 repetenda,
1620 3251 1691 3325 qua
1709 3253 1794 3305 sana

266 3355 353 3454 guis
373 3379 438 3454 per
455 3331 650 3455 angustata
664 3358 873 3432 cavitatum
895 3355 1019 3430 cordis
1036 3357 1131 3430 ostia
1150 3356 1341 3430 traiicitur.
1693 3367 1695 3370 ’

369 3543 466 3612 Cum
481 3503 583 3611 hisae
604 3537 797 3611 doloribus
808 3535 1154 3638 constringentibus
1170 3559 1304 3609 seusus
1323 3536 1557 3632 punctorius‚
1586 3545 1791 3636 tantocius,

271 3691 308 3746 et
323 3675 519 3748 lancinant
541 3671 726 3769 coniungi
744 3669 859 3758 solet,
902 3673 969 3767 qui
987 3672 1077 3744 inde
1105 3669 1151 3744 ab
1166 3667 1326 3744 huruero
1341 3665 1390 3742 ad
1405 3671 1574 3746 medium
1596 3674 1794 3758 brachium

275 3829 409 3905 usque,
423 3829 707 3904 nonnunquam
721 3802 770 3877 ad
780 3803 993 3904 'digitorum
1008 3827 1127 3906 usque
1149 3807 1273 3904 apices
1287 3807 1498 3897 deseendit,
1523 3827 1563 3884 et
1584 3815 1718 3892 similis
1738 3819 1796 3894 in.

307 4177 371 4246 aba)
389 4179 482 4230 Tarra
504 4178 523 4230 l.
541 4196 562 4230 e.
581 4195 608 4246 p.
631 4177 693 4232 521.

311 4279 375 4347 tbi)¹
396 4281 458 4334 vid.
480 4283 581 4334 llam.
599 4283 691 4335 leuen.
705 4283 735 4336 B.
757 4279 859 4336 xxm.
877 4279 918 4338 Su
936 4277 962 4334 5.
983 4297 1010 4352 p.
1032 4277 1075 4334 56.

291 4374 295 4389 ’
313 4383 374 4450 ast)
392 4385 455 4438 Vid.
475 4377 629 4440 hebraeo.
649 4383 670 4436 1.
687 4403 710 4439 e.

311 4483 593 4557 maneant

312 4591 370 4661 166)
393 4590 503 4645 Samaei.
520 4589 619 4644 attend.
638 4587 712 4644 Abi.
728 4591 758 4644 Β.
769 4591 859 4644 xvtt.
884 4609 911 4658 p.
932 4586 992 4642 520.
