4772 5832
1126 671 1681 726 t-2'-''

563 863 696 936 natura
726 869 807 916 non
838 843 915 916 nisi
942 814 1115 942 empirica
1142 845 1265 920 eidem
1289 841 1466 920 meden'di
1490 851 1585 923 ratio
1611 853 1809 927 conuenit'
1863 860 1966 952 Quae
1992 857 2093 930 bisce

565 981 692 1056 verbis
717 979 867 1054 subiicit
883 979 1009 1056 Celeb.
1027 985 1186 1068 Franz,
1217 1001 1348 1056 eatam
1367 985 1461 1056 clare
1481 985 1692 1058 ostendunt
1712 989 1932 1077 commoda,
1955 1015 1995 1064 er
2011 1017 2095 1066 ana·

564 1119 706 1188 tomiae
738 1115 1000 1213 pathologicae
1030 1131 1205 1191 accurato
1240 1119 1367 1192 studio
1395 1120 1437 1193 in
1468 1121 1675 1228 medicinae
1698 1147 1812 1196 usum
1836 1125 2095 1212 redundantia,

565 1269 631 1338 ut,
658 1251 691 1323 si
708 1276 749 1322 ea
775 1251 850 1324 hoc
868 1251 955 1322 loco
968 1225 1154 1340 referam,
1180 1233 1384 1329 Lectomm
1402 1253 1579 1352 patientia
1598 1255 1703 1330 abuti
1727 1259 1884 1332 minime
1907 1259 2047 1338 videar.

666 1387 739 1473 „Si
776 1387 817 1456 in
857 1361 1085 1460 morborum
1119 1391 1314 1464 curatione
1344 1407 1493 1463 tantum
1514 1395 1828 1488 symptomatibus
1861 1394 2100 1494 gravioribus

565 1521 744 1596 tollendis
770 1521 940 1592 animum
967 1521 1216 1608 advertimus,
1262 1545 1458 1597 causarum
1482 1525 1588 1596 nulla
1605 1525 1730 1599 habita
1752 1529 1923 1614 ratione,
1948 1527 2102 1602 morbos

567 1682 678 1756 saepe
706 1656 900 1754 graviores
932 1653 1139 1728 reddemus.
1194 1657 1232 1728 Si
1259 1655 1303 1728 de
1327 1655 1453 1728 morbi
1473 1675 1607 1730 natura
1631 1682 1714 1734 non
1735 1661 1875 1734 nisiex
1902 1662 1984 1756 ejus
2003 1687 2101 1758 sym·

395 1809 398 1816 ’
466 1839 470 1850 «
562 1788 798 1890 promatibus
823 1788 1056 1874 iudicamus,
1097 1812 1169 1861 neo
1191 1814 1281 1864 cum
1305 1792 1408 1864 bisce
1431 1793 1751 1892 symptomatibus
1773 1793 1909 1890 partim
1934 1795 2099 1892 phaeno-

564 1949 676 1998 mena
700 1921 955 2009 conferimus,
976 1939 1170 1996 anatomes
1186 1947 1259 2022 ope
1282 1925 1324 1998 in
1339 1925 1585 2001 cadaveribus
1607 1916 1739 2001 e'orum
1768 1929 2010 2024 reperiunda,
2034 1929 2104 2026 qui

565 2059 668 2132 hisce
690 2056 780 2154 ipsis
804 2056 948 2130 morbis
969 2055 1075 2130 fuere
1100 2059 1301 2147 eutincti,⁸
1328 2064 1465 2158 partim
1495 2086 1629 2134 eorum
1653 2059 1819 2134 invicem
1842 2085 1987 2134 nexum
2011 2060 2100 2132 defi-

564 2194 715 2282 nimus,
741 2191 893 2266 scientia
908 2209 1039 2266 nostra
1054 2217 1134 2264 non
1163 2195 1240 2267 nisi
1256 2185 1384 2268 manca
1400 2196 1568 2269 manebit
1588 2176 1699 2294 atque
1715 2193 1976 2294 imperfecta.“

663 2329 765 2420 „Sin
780 2325 1007 2402 morborum
1028 2327 1205 2404 historias
1226 2343 1262 2400 et
1277 2305 1565 2438 phaenomena,
1592 2329 1634 2400 in
1655 2329 1731 2402 illis
1748 2329 1983 2417 occurentia,
2019 2355 2101 2428 per·

561 2465 778 2562 sequimur,
816 2461 1057 2538 occasionem
1073 2463 1348 2562 nanciscimur,
1392 2481 1491 2540 certa
1515 2441 1700 2564 quaedam
1718 2463 1855 2538 axillis
1877 2463 1984 2564 signa
1999 2490 2101 2573 sepa·

562 2597 690 2696 randi,
743 2623 839 2701 quaa
867 2599 1014 2677 morbis
1046 2602 1278 2700 organorum
1310 2601 1554 2702 singulorum
1587 2601 1769 2700 peculiari
1798 2599 1919 2675 modo
1947 2603 2097 2700 propria

564 2756 666 2814 sunt.
738 2737 964 2838 Exploratio
989 2753 1116 2834 autem
1141 2738 1352 2814 anatomica
1377 2761 1530 2828 eorum,
1573 2739 1641 2836 qui
1657 2737 1733 2811 illis
1758 2736 1904 2810 morbis
1928 2734 2098 2808 defuncti

561 2889 673 2951 sunt.
694 2897 770 2936 nos
792 2873 905 2934 docet
921 2874 1181 2964 phaenomena
1195 2875 1401 2970 singularia
1416 2873 1616 2962 morbosa,
1641 2871 1741 2976 unde
1761 2873 1887 2952 sedem
1903 2887 2015 2965 atque
2030 2891 2094 2942 na·

559 3023 687 3080 turam
706 3001 843 3074 horum
865 2997 1091 3102 morborum
1110 3027 1341 3104 cognoscere
1361 3031 1591 3104 possumus.
1639 3009 1838 3092 studetque
1872 3005 2097 3092 phaenome-

556 3161 702 3214 oorum
716 3131 866 3206 atinde
882 3134 1176 3232 repetendorum
1199 3135 1398 3236 signorum
1419 3134 1587 3208 invicem
1606 3131 1781 3228 indagare
1802 3152 1958 3208 nexum,
2010 3137 2092 3230 Qua

557 3271 715 3372 quidem
735 3291 850 3366 opera
866 3263 1007 3342 difficili
1029 3270 1273 3344 etiamsinon
1294 3293 1445 3366 semper
1457 3289 1636 3371 successu
1653 3281 1784 3364 optato
1801 3264 2009 3362 potiamur:
2049 3291 2090 3338 ea

558 3427 698 3493 tamen,
712 3419 900 3504 quantum
916 3399 997 3512 lieri
1020 3419 1158 3500 potest,
1183 3403 1341 3500 propius
1362 3401 1618 3498 adveritatem
1633 3399 1855 3474 accedimus.
1909 3403 1962 3474 Ea
1988 3401 2089 3472 enim

557 3540 670 3618 nobis
681 3539 844 3640 contigit
864 3561 945 3614 esse
957 3555 1034 3612 tam
1047 3535 1234 3624 felicibus,
1249 3555 1293 3608 ut
1315 3534 1517 3634 diagnosin
1530 3537 1775 3634 quorundam
1791 3531 2016 3606 morborum
2033 3535 2090 3606 in·

558 3677 764 3756 ternorum'
779 3691 889 3748 antea
903 3673 1117 3758 obscuram,
1143 3697 1248 3746 nunc
1259 3669 1421 3746 forsitan
1440 3667 1645 3768 perfectam
1655 3671 1774 3744 simus
1789 3669 1960 3742 assecuti.
2014 3669 2090 3766 Qui
2161 3697 2165 3708 ·

557 3815 712 3915 quidem
732 3809 1034 3918 ielirqsuccessus
1049 3832 1121 3882 nos
1145 3807 1337 3900 impellere
1357 3806 1488 3892 debet,
1530 3823 1576 3876 ut
1598 3807 1667 3876 hos
1690 3801 1838 3874 labores
1863 3799 2088 3876 utilissimos

557 3948 851 4049 continuemus,
901 3941 1051 4016 etiamsi
1068 3935 1168 4012 haud
1185 3937 1299 4024 dubie
1322 3963 1522 4038 nunquam
1545 3961 1594 4009 eo
1615 3933 1836 4032 perventuri
1858 3933 1999 4027 simus,
2047 3957 2090 4010 ut

557 4083 739 4159 omnibus
779 4079 947 4154 numeris
985 4075 1202 4150 absolutam
1233 4062 1392 4150 illorum
1428 4067 1653 4147 morborum
1683 4067 1945 4168 cognitionem
1974 4070 2088 4146 nobis

557 4207 892 4316 comparenrus.“‚'

659 4357 774 4428 Recte
798 4363 924 4420 autem
952 4342 1129 4417 observat
1156 4347 1355 4432 Fannrus,
1392 4344 1540 4416 nullam
1564 4341 1642 4416 iere
1675 4339 1900 4412 morborum
1930 4341 2088 4414 classem

557 4489 672 4562 tantis
699 4483 863 4558 tenebris
893 4479 1124 4552 obvolutam
1151 4499 1253 4562 osse,
1300 4501 1416 4574 quam
1443 4501 1540 4576 quac
1568 4476 1692 4552 cordis
1724 4474 1880 4550 morbos
1908 4475 2089 4564 continet,

556 4645 732 4732 quorum.
744 4615 1038 4714 descriptiones,
1072 4611 1121 4685 ad
1141 4611 1225 4686 vitii
1240 4614 1448 4710 praesentis
1466 4627 1639 4688 naturam
1668 4609 1954 4710 intelligendam
1971 4627 2089 4708 aptae,
