4772 5832
877 615 1241 686 ..ῃ-

281 797 384 876 libro
410 791 610 890 descripsit
646 795 786 890 Exper.
806 797 967 866 Lunov.
991 761 1230 866 <innuamus
1252 789 1327 889 ¹⁵⁸),
1374 805 1594 891 praeceptor
1615 788 1678 894 pie
1703 817 1819 874 vene·
1907 819 1922 832 ’

282 935 436 1018 randus,
464 932 572 1028 cuius
598 925 914 1026 praelectionibus
940 925 986 1024 de
1011 945 1186 1000 anatome
1203 927 1441 1028 pathologica
1463 951 1703 1028 summopere
1724 957 1821 1012 sern-

285 1095 353 1168 per
374 1069 578 1140 delectatus
599 1087 697 1149 aum,
721 1081 854 1160 utpote
881 1086 978 1172 quae
1004 1061 1100 1134 mihi
1121 1079 1160 1135 et
1184 1061 1351 1162 iusignia
1365 1061 1479 1136 huius
1503 1062 1698 1140 doctrinae
1715 1093 1821 1144 com·

282 1203 411 1290 moda,
437 1203 479 1274 in
503 1199 729 1274 medicinam
748 1198 948 1296 practicam
974 1197 1234 1287 redundantia,
1261 1197 1619 1296 comprobaverunt,
1644 1217 1682 1274 et
1706 1201 1819 1280 huius
1909 1239 1912 1248 ⁴

283 1340 403 1436 ipsius
431 1336 997 1436 dissertationisargumentum
1021 1319 1371 1432 suppeditarentur.
1450 1340 1565 1432 Saepe
1601 1333 1821 1430 admodum,

284 1475 344 1547 uti
365 1479 712 1547 sonmannrnsrus
734 1485 832 1542 recte
856 1467 1131 1554 animadvertit,
1155 1471 1393 1547 valvularum
1409 1469 1533 1544 cordis
1550 1471 1820 1552 arteriosa'rum

283 1606 558 1684 ossiiicationes
583 1606 929 1711 excrescentiarum
945 1607 1111 1704 speciem
1136 1631 1225 1704 prae
1246 1629 1287 1680 se
1309 1605 1439 1682 ferunt
1459 1623 1570 1704 atque
1584 1629 1820 1686 racemorum

282 1737 573 1820 similitudinem
599 1737 750 1813 habent.
805 1749 1041 1839 Quamquam
1062 1725 1320 1848 dubitandum
1339 1741 1436 1814 mihi
1462 1743 1541 1814 eise
1563 1740 1740 1832 videtur,
1768 1771 1818 1822 an

254 1845 257 1852 .
285 1876 576 1962 excrescentiae,
616 1877 658 1947 in
686 1875 811 1950 cordis
832 1875 996 1950 valvulis
1022 1876 1270 1972 conspicuae,
1300 1861 1631 1968 condylomatibus
1665 1877 1820 1970 similes,

288 2037 382 2113 quas
399 2019 675 2086 eonwnnros
698 2015 763 2106 Ι59)
780 2011 821 2084 in
836 2011 1037 2082 hominum
1057 2007 1305 2082 cadaveribus
1327 2007 1648 2108 deprehendebat,
1675 2014 1742 2111 qui
1766 2041 1821 2090 re·

287 2148 413 2250 petitis
430 2145 576 2221 vicibus
594 2163 631 2218 et
646 2143 712 2216 diu
732 2143 869 2217 morbo
886 2143 1108 2218 laboranrnt
1123 2165 1309 2234 venereo,
1349 2147 1447 2235 huc,
1471 2145 1511 2219 id
1527 2145 1633 2244 quod
1649 2117 1820 2227 Manua-

287 2307 378 2359 mus
399 2281 618 2378 suspicatur,
647 2279 869 2381 pertineant,
890 2302 961 2352 uec
978 2303 1039 2353 ne.
1091 2283 1124 2354 E
1147 2251 1339 2357 urrann
1364 2277 1432 2367 160)
1441 2279 1626 2354 sententia
1641 2285 1818 2362 valvtrlae

288 2415 430 2502 cordia,
475 2442 570 2514 quac
592 2439 775 2490 venarum
800 2415 907 2488 ostiis
923 2416 1116 2512 appositae
1143 2433 1258 2505 sunt,
1306 2416 1425 2490 rarius
1443 2416 1611 2492 valvulis
1633 2419 1821 2498 arteriosis

285 2577 435 2626 osseam
448 2569 623 2624 naturam
631 2551 848 2637 adsumunt,
858 2540 1012 2648 quodin
1020 2550 1399 2627 universum'tantum
1416 2577 1550 2626 verum
1559 2525 1820 2652 est'quoniam

212 2763 224 2778 κ
285 2687 529 2758 valvularum
537 2685 744 2754 mitraliurn
755 2683 959 2756 ossisscatio
967 2687 1247 2782 neutiquamad
1255 2712 1354 2762 raras
1364 2685 1619 2761 deformitates
1629 2685 1821 2766 referenda
1850 2719 1858 2730 ·

288 2835 356 2895 eat.
407 2823 638 2914 frequenter
656 2817 852 2916 inprirnia,
876 2804 1200 2915 quemadmodum
1223 2829 1470 2896 Macnrcrus
1489 2821 1677 2910 observat,
1699 2827 1821 2899 maior

288 2953 467 3028 minorve
483 2965 614 3025 osseae
638 2950 872 3028 substantiae
889 2954 996 3050 copia
1012 2953 1053 3025 in
1075 2956 1415 3030 annulo'tendineo
1427 2955 1569 3055 deponi
1586 2957 1696 3042 solet,
1721 2981 1820 3055 quae

287 3088 526 3186 inaequalem
552 3088 867 3188 granulosamque
891 3088 1129 3187 superficiem
1155 3087 1277 3166 offert.
1328 3097 1426 3166 Cum
1448 3091 1517 3166 hac
1540 3087 1714 3166 abnormi
1740 3095 1821 3166 val-

287 3229 465 3304 vularum
483 3223 730 3295 consistentia
745 3223 888 3296 lumina
915 3226 1027 3304 etiarn
1042 3251 1216 3302 vasorum
1235 3227 1345 3301 valde
1360 3207 1616 3310 coarctanturs
1642 3227 1748 3324 quod
1763 3229 1822 3303 vi·
1855 3305 1860 3312 ,

288 3363 387 3434 tium
404 3357 596 3456 insignem
612 3357 698 3430 atrii
714 3357 855 3431 sinisti
871 3357 1131 3434 dilatationem
1155 3385 1243 3434 cum
1257 3361 1460 3436 ventriculi
1482 3359 1624 3434 sinistri
1648 3381 1823 3460 angusta·

290 3498 396 3584 tione
422 3489 544 3568 efficit.
596 3495 771 3592 Denique
795 3495 837 3568 in
865 3495 999 3570 eodem
1024 3493 1139 3569 corde
1163 3511 1341 3592 utraeque
1362 3493 1479 3567 simul
1503 3497 1699 3586 valvuiae,
1732 3521 1823 3573 cum

290 3613 512 3715 arteriosae,
538 3645 621 3702 tum
638 3653 825 3716 venosae,
852 3654 982 3706 osseae
998 3631 1254 3730 reperiuntur,
1287 3629 1395 3705 cuius
1412 3631 1494 3708 vitii
1513 3607 1681 3732 exempla
1696 3633 1738 3708 iu
1753 3657 1823 3710 no·
1889 3659 1893 3666 ·

292 3785 373 3842 atro
389 3785 527 3838 museo
545 3765 1037 3865 anatomico·pathologico
1053 3765 1237 3865 conspexi
1252 3763 1337 3862 ²⁶²)..
1777 3763 1782 3772 ’

875 3965 1238 3990 Ἥ

296 4137 530 4165 Μ

256 4290 261 4302 ·
332 4261 398 4332 158)
416 4261 567 4316 Beacdret'b.
588 4263 614 4314 d.
631 4261 739 4334 polleni.
753 4265 932 4334 Praeparate.
957 4261 1014 4318 aad.

331 4367 391 4438 ¹⁵e)
411 4367 503 4420 lauro.
522 4366 555 4417 de
576 4367 648 4418 ned.
669 4383 729 4420 auu.
756 4367 803 4420 lx.
820 4368 911 4420 saun.

333 4469 395 4540 ado)
419 4467 476 4522 m'b.
497 4471 543 4523 cit.
560 4487 586 4538 p.
608 4485 650 4520 at.
725 4535 731 4548 ι

335 4573 397 4642 tiis)
415 4571 578 4628 Cucurri
599 4590 622 4625 c.
638 4587 666 4641 p.
695 4567 754 4624 aad.
